%% This BibTeX bibliography file was created using BibDesk.
%% http://bibdesk.sourceforge.net/

%% Created for Mirco Franzek at 2017-11-09 17:11:23 +0100 


%% Saved with string encoding Unicode (UTF-8) 



@article{Wang2016Improving-Agree,
	Abstract = {We study the problem of agreement and disagreement detection in online discussions. An isotonic Conditional Random Fields (isotonic CRF) based sequential model is proposed to make predictions on sentence- or segment-level. We automatically construct a socially-tuned lexicon that is bootstrapped from existing general-purpose sentiment lexicons to further improve the performance. We evaluate our agreement and disagreement tagging model on two disparate online discussion corpora -- Wikipedia Talk pages and online debates. Our model is shown to outperform the state-of-the-art approaches in both datasets. For example, the isotonic CRF model achieves F1 scores of 0.74 and 0.67 for agreement and disagreement detection, when a linear chain CRF obtains 0.58 and 0.56 for the discussions on Wikipedia Talk pages.},
	Author = {Wang, Lu and Cardie, Claire},
	Date-Added = {2017-11-09 10:29:24 +0000},
	Date-Modified = {2017-11-09 10:29:24 +0000},
	Eprint = {1606.05706},
	Month = {06},
	Title = {Improving Agreement and Disagreement Identification in Online Discussions with A Socially-Tuned Sentiment Lexicon},
	Url = {https://arxiv.org/abs/1606.05706},
	Year = {2016},
	Bdsk-Url-1 = {https://arxiv.org/abs/1606.05706}}

@article{Snajder2017Social-Media-Ar,
	Abstract = {Argumentation mining from social media content has attracted increasing attention. The task is both challenging and rewarding. The informal nature of user-generated content makes the task dauntingly difficult. On the other hand, the insights that could be gained by a large-scale analysis of social media argumentation make it a very worthwhile task. In this position paper I discuss the motivation for social media argumentation mining, as well as the tasks and challenges involved.},
	Author = {{\v S}najder, Jan},
	Date-Added = {2017-11-09 10:15:40 +0000},
	Date-Modified = {2017-11-09 10:15:40 +0000},
	Eprint = {1701.00168},
	Month = {01},
	Title = {Social Media Argumentation Mining: The Quest for Deliberateness in Raucousness},
	Url = {https://arxiv.org/abs/1701.00168},
	Year = {2017},
	Bdsk-Url-1 = {https://arxiv.org/abs/1701.00168}}

@article{Carletta:1996:AAC:230386.230390,
	Acmid = {230390},
	Address = {Cambridge, MA, USA},
	Author = {Carletta, Jean},
	Date-Added = {2017-11-09 10:09:45 +0000},
	Date-Modified = {2017-11-09 10:10:18 +0000},
	Issn = {0891-2017},
	Issue_Date = {June 1996},
	Journal = {Comput. Linguist.},
	Keywords = {Meta},
	Month = jun,
	Number = {2},
	Numpages = {6},
	Pages = {249--254},
	Publisher = {MIT Press},
	Title = {Assessing Agreement on Classification Tasks: The Kappa Statistic},
	Url = {http://dl.acm.org/citation.cfm?id=230386.230390},
	Volume = {22},
	Year = {1996},
	Bdsk-Url-1 = {http://dl.acm.org/citation.cfm?id=230386.230390}}

@inproceedings{Park:2012:ICC:2391171.2391173,
	Acmid = {2391173},
	Address = {Stroudsburg, PA, USA},
	Author = {Park, Dae Hoon and Blake, Catherine},
	Booktitle = {Proceedings of the Workshop on Detecting Structure in Scholarly Discourse},
	Date-Added = {2017-11-09 09:34:37 +0000},
	Date-Modified = {2017-11-09 09:34:37 +0000},
	Location = {Jeju, Republic of Korea},
	Numpages = {9},
	Pages = {1--9},
	Publisher = {Association for Computational Linguistics},
	Series = {ACL '12},
	Title = {Identifying Comparative Claim Sentences in Full-text Scientific Articles},
	Url = {http://dl.acm.org/citation.cfm?id=2391171.2391173},
	Year = {2012},
	Bdsk-Url-1 = {http://dl.acm.org/citation.cfm?id=2391171.2391173}}

@article{gupta2017identifying,
	Annote = {Von Chris},
	Author = {Gupta, Samir and Mahmood, ASM Ashique and Ross, Karen and Wu, Cathy and Vijay-Shanker, K},
	Date-Added = {2017-11-07 18:21:52 +0000},
	Date-Modified = {2017-11-08 16:20:32 +0000},
	Journal = {BioNLP 2017},
	Keywords = {Chris, Rules, Dependency Parsing},
	Pages = {206--215},
	Rating = {4},
	Read = {1},
	Title = {Identifying Comparative Structures in Biomedical Text},
	Year = {2017},
	Bdsk-File-1 = {YnBsaXN0MDDUAQIDBAUGJCVYJHZlcnNpb25YJG9iamVjdHNZJGFyY2hpdmVyVCR0b3ASAAGGoKgHCBMUFRYaIVUkbnVsbNMJCgsMDxJXTlMua2V5c1pOUy5vYmplY3RzViRjbGFzc6INDoACgAOiEBGABIAFgAdccmVsYXRpdmVQYXRoWWFsaWFzRGF0YV8QP0d1cHRhL0lkZW50aWZ5aW5nIENvbXBhcmF0aXZlIFN0cnVjdHVyZXMgaW4gQmlvbWVkaWNhbCBUZXh0LnBkZtIXCxgZV05TLmRhdGFPEQIqAAAAAAIqAAIAAAxNYWNpbnRvc2ggSEQAAAAAAAAAAAAAAAAAAADSPZ65SCsAAAGfK08fSWRlbnRpZnlpbmcgQ29tcGFyYSMxQTA0QTVDLnBkZgAAAAAAAAAAAAAAAAAAAAAAAAAAAAAAAAAAAAAAAAAAAaBKXNYnuGEAAAAAAAAAAAABAAMAAAkgAAAAAAAAAAAAAAAAAAAABUd1cHRhAAAQAAgAANI9gpkAAAARAAgAANYnqlEAAAABABQBnytPAZ4DrAARUGUAENlDABDZQQACAFFNYWNpbnRvc2ggSEQ6VXNlcnM6AG1pcmNvOgBEZXNrdG9wOgBQYXBlcjoAR3VwdGE6AElkZW50aWZ5aW5nIENvbXBhcmEjMUEwNEE1Qy5wZGYAAA4AdAA5AEkAZABlAG4AdABpAGYAeQBpAG4AZwAgAEMAbwBtAHAAYQByAGEAdABpAHYAZQAgAFMAdAByAHUAYwB0AHUAcgBlAHMAIABpAG4AIABCAGkAbwBtAGUAZABpAGMAYQBsACAAVABlAHgAdAAuAHAAZABmAA8AGgAMAE0AYQBjAGkAbgB0AG8AcwBoACAASABEABIAWVVzZXJzL21pcmNvL0Rlc2t0b3AvUGFwZXIvR3VwdGEvSWRlbnRpZnlpbmcgQ29tcGFyYXRpdmUgU3RydWN0dXJlcyBpbiBCaW9tZWRpY2FsIFRleHQucGRmAAATAAEvAAAVAAIADP//AACABtIbHB0eWiRjbGFzc25hbWVYJGNsYXNzZXNdTlNNdXRhYmxlRGF0YaMdHyBWTlNEYXRhWE5TT2JqZWN00hscIiNcTlNEaWN0aW9uYXJ5oiIgXxAPTlNLZXllZEFyY2hpdmVy0SYnVHJvb3SAAQAIABEAGgAjAC0AMgA3AEAARgBNAFUAYABnAGoAbABuAHEAcwB1AHcAhACOANAA1QDdAwsDDQMSAx0DJgM0AzgDPwNIA00DWgNdA28DcgN3AAAAAAAAAgEAAAAAAAAAKAAAAAAAAAAAAAAAAAAAA3k=}}

@inproceedings{Bar-Haim2017Stance-Classifi,
	Author = {Bar{-}Haim, Roy and Bhattacharya, Indrajit and Dinuzzo, Francesco and Saha, Amrita and Slonim, Noam},
	Bibsource = {dblp computer science bibliography, http://dblp.org},
	Biburl = {http://dblp.org/rec/bib/conf/eacl/SlonimBSBD17},
	Booktitle = {Proceedings of the 15th Conference of the European Chapter of the Association for Computational Linguistics, {EACL} 2017, Valencia, Spain, April 3-7, 2017, Volume 1: Long Papers},
	Crossref = {DBLP:conf/eacl/2017-1},
	Date-Added = {2017-11-05 11:31:14 +0000},
	Date-Modified = {2017-11-05 11:38:33 +0000},
	Pages = {251--261},
	Timestamp = {Wed, 16 Aug 2017 06:31:02 +0200},
	Title = {Stance Classification of Context-Dependent Claims},
	Url = {http://aclanthology.info/papers/E17-1024/stance-classification-of-context-dependent-claims},
	Year = {2017},
	Bdsk-Url-1 = {http://aclanthology.info/papers/E17-1024/stance-classification-of-context-dependent-claims}}

@inproceedings{Ajjour2017Unit-Segmentati,
	Author = {Ajjour, Yamen and Chen, Wei{-}Fan and Kiesel, Johannes and Wachsmuth, Henning and Stein, Benno},
	Bibsource = {dblp computer science bibliography, http://dblp.org},
	Biburl = {http://dblp.org/rec/bib/conf/argmining/AjjourCKWS17},
	Booktitle = {Proceedings of the 4th Workshop on Argument Mining, ArgMining@EMNLP 2017, Copenhagen, Denmark, September 8, 2017},
	Crossref = {DBLP:conf/argmining/2017},
	Date-Added = {2017-11-05 11:28:29 +0000},
	Date-Modified = {2017-11-05 11:38:33 +0000},
	Pages = {118--128},
	Timestamp = {Tue, 19 Sep 2017 07:18:00 +0200},
	Title = {Unit Segmentation of Argumentative Texts},
	Url = {http://aclanthology.info/papers/W17-5115/w17-5115},
	Year = {2017},
	Bdsk-File-1 = {YnBsaXN0MDDUAQIDBAUGJCVYJHZlcnNpb25YJG9iamVjdHNZJGFyY2hpdmVyVCR0b3ASAAGGoKgHCBMUFRYaIVUkbnVsbNMJCgsMDxJXTlMua2V5c1pOUy5vYmplY3RzViRjbGFzc6INDoACgAOiEBGABIAFgAdccmVsYXRpdmVQYXRoWWFsaWFzRGF0YV8QM0Fqam91ci9Vbml0IFNlZ21lbnRhdGlvbiBvZiBBcmd1bWVudGF0aXZlIFRleHRzLnBkZtIXCxgZV05TLmRhdGFPEQIEAAAAAAIEAAIAAAxNYWNpbnRvc2ggSEQAAAAAAAAAAAAAAAAAAADSPZ65SCsAAAGeOH4fVW5pdCBTZWdtZW50YXRpb24gbyMxOUUzODc5LnBkZgAAAAAAAAAAAAAAAAAAAAAAAAAAAAAAAAAAAAAAAAAAAZ44edYktJQAAAAAAAAAAAABAAMAAAkgAAAAAAAAAAAAAAAAAAAABkFqam91cgAQAAgAANI9gpkAAAARAAgAANYkpoQAAAABABQBnjh+AZ4DrAARUGUAENlDABDZQQACAFJNYWNpbnRvc2ggSEQ6VXNlcnM6AG1pcmNvOgBEZXNrdG9wOgBQYXBlcjoAQWpqb3VyOgBVbml0IFNlZ21lbnRhdGlvbiBvIzE5RTM4NzkucGRmAA4AWgAsAFUAbgBpAHQAIABTAGUAZwBtAGUAbgB0AGEAdABpAG8AbgAgAG8AZgAgAEEAcgBnAHUAbQBlAG4AdABhAHQAaQB2AGUAIABUAGUAeAB0AHMALgBwAGQAZgAPABoADABNAGEAYwBpAG4AdABvAHMAaAAgAEgARAASAE1Vc2Vycy9taXJjby9EZXNrdG9wL1BhcGVyL0Fqam91ci9Vbml0IFNlZ21lbnRhdGlvbiBvZiBBcmd1bWVudGF0aXZlIFRleHRzLnBkZgAAEwABLwAAFQACAAz//wAAgAbSGxwdHlokY2xhc3NuYW1lWCRjbGFzc2VzXU5TTXV0YWJsZURhdGGjHR8gVk5TRGF0YVhOU09iamVjdNIbHCIjXE5TRGljdGlvbmFyeaIiIF8QD05TS2V5ZWRBcmNoaXZlctEmJ1Ryb290gAEACAARABoAIwAtADIANwBAAEYATQBVAGAAZwBqAGwAbgBxAHMAdQB3AIQAjgDEAMkA0QLZAtsC4ALrAvQDAgMGAw0DFgMbAygDKwM9A0ADRQAAAAAAAAIBAAAAAAAAACgAAAAAAAAAAAAAAAAAAANH},
	Bdsk-Url-1 = {http://aclanthology.info/papers/W17-5115/w17-5115}}

@book{Freeman2011Argument-Struct,
	Author = {Freeman, J.B.},
	Date-Added = {2017-11-05 11:27:36 +0000},
	Date-Modified = {2017-11-09 10:11:34 +0000},
	Isbn = {9789400703575},
	Keywords = {Argumentation Theory},
	Lccn = {2011920952},
	Publisher = {Springer Netherlands},
	Series = {Argumentation Library},
	Title = {Argument Structure:: Representation and Theory},
	Url = {https://books.google.de/books?id=ZXhyn3LOQBUC},
	Year = {2011},
	Bdsk-Url-1 = {https://books.google.de/books?id=ZXhyn3LOQBUC}}

@book{Walton2008Argumentation-S,
	Author = {Walton, D. and Reed, C. and Macagno, F.},
	Date-Added = {2017-11-05 11:26:36 +0000},
	Date-Modified = {2017-11-09 10:11:29 +0000},
	Isbn = {9780521897907},
	Keywords = {Argumentation Theory},
	Lccn = {2007045337},
	Publisher = {Cambridge University Press},
	Title = {Argumentation Schemes},
	Url = {https://books.google.de/books?id=7p1wmhNfBmoC},
	Year = {2008},
	Bdsk-Url-1 = {https://books.google.de/books?id=7p1wmhNfBmoC}}

@inproceedings{Rinott2015Show-Me-Your-Ev,
	Author = {Rinott, Ruty and Dankin, Lena and Perez, Carlos Alzate and Khapra, Mitesh M. and Aharoni, Ehud and Slonim, Noam},
	Bibsource = {dblp computer science bibliography, http://dblp.org},
	Biburl = {http://dblp.org/rec/bib/conf/emnlp/RinottDPKAS15},
	Booktitle = {Proceedings of the 2015 Conference on Empirical Methods in Natural Language Processing, {EMNLP} 2015, Lisbon, Portugal, September 17-21, 2015},
	Crossref = {DBLP:conf/emnlp/2015},
	Date-Added = {2017-11-05 11:25:22 +0000},
	Date-Modified = {2017-11-05 11:38:33 +0000},
	Pages = {440--450},
	Timestamp = {Wed, 14 Oct 2015 09:56:24 +0200},
	Title = {Show Me Your Evidence - an Automatic Method for Context Dependent Evidence Detection},
	Url = {http://aclweb.org/anthology/D/D15/D15-1050.pdf},
	Year = {2015},
	Bdsk-File-1 = {YnBsaXN0MDDUAQIDBAUGJCVYJHZlcnNpb25YJG9iamVjdHNZJGFyY2hpdmVyVCR0b3ASAAGGoKgHCBMUFRYaIVUkbnVsbNMJCgsMDxJXTlMua2V5c1pOUy5vYmplY3RzViRjbGFzc6INDoACgAOiEBGABIAFgAdccmVsYXRpdmVQYXRoWWFsaWFzRGF0YV8QNlJpbm90dC9TaG93IE1lIFlvdXIgRXZpZGVuY2UgLSBhbiBBdXRvbWF0aWMgTWV0aG9kLnBkZtIXCxgZV05TLmRhdGFPEQIMAAAAAAIMAAIAAAxNYWNpbnRvc2ggSEQAAAAAAAAAAAAAAAAAAADSPZ65SCsAAAGeNnwfU2hvdyBNZSBZb3VyIEV2aWRlbiMxOUUzNjZGLnBkZgAAAAAAAAAAAAAAAAAAAAAAAAAAAAAAAAAAAAAAAAAAAZ42b9Yks7kAAAAAAAAAAAABAAMAAAkgAAAAAAAAAAAAAAAAAAAABlJpbm90dAAQAAgAANI9gpkAAAARAAgAANYkpakAAAABABQBnjZ8AZ4DrAARUGUAENlDABDZQQACAFJNYWNpbnRvc2ggSEQ6VXNlcnM6AG1pcmNvOgBEZXNrdG9wOgBQYXBlcjoAUmlub3R0OgBTaG93IE1lIFlvdXIgRXZpZGVuIzE5RTM2NkYucGRmAA4AYAAvAFMAaABvAHcAIABNAGUAIABZAG8AdQByACAARQB2AGkAZABlAG4AYwBlACAALQAgAGEAbgAgAEEAdQB0AG8AbQBhAHQAaQBjACAATQBlAHQAaABvAGQALgBwAGQAZgAPABoADABNAGEAYwBpAG4AdABvAHMAaAAgAEgARAASAFBVc2Vycy9taXJjby9EZXNrdG9wL1BhcGVyL1Jpbm90dC9TaG93IE1lIFlvdXIgRXZpZGVuY2UgLSBhbiBBdXRvbWF0aWMgTWV0aG9kLnBkZgATAAEvAAAVAAIADP//AACABtIbHB0eWiRjbGFzc25hbWVYJGNsYXNzZXNdTlNNdXRhYmxlRGF0YaMdHyBWTlNEYXRhWE5TT2JqZWN00hscIiNcTlNEaWN0aW9uYXJ5oiIgXxAPTlNLZXllZEFyY2hpdmVy0SYnVHJvb3SAAQAIABEAGgAjAC0AMgA3AEAARgBNAFUAYABnAGoAbABuAHEAcwB1AHcAhACOAMcAzADUAuQC5gLrAvYC/wMNAxEDGAMhAyYDMwM2A0gDSwNQAAAAAAAAAgEAAAAAAAAAKAAAAAAAAAAAAAAAAAAAA1I=},
	Bdsk-Url-1 = {http://aclweb.org/anthology/D/D15/D15-1050.pdf}}

@inproceedings{Habernal2015Exploiting-Deba,
	Author = {Habernal, Ivan and Gurevych, Iryna},
	Bibsource = {dblp computer science bibliography, http://dblp.org},
	Biburl = {http://dblp.org/rec/bib/conf/emnlp/HabernalG15},
	Booktitle = {Proceedings of the 2015 Conference on Empirical Methods in Natural Language Processing, {EMNLP} 2015, Lisbon, Portugal, September 17-21, 2015},
	Crossref = {DBLP:conf/emnlp/2015},
	Date-Added = {2017-11-05 11:23:59 +0000},
	Date-Modified = {2017-11-05 11:38:33 +0000},
	Pages = {2127--2137},
	Timestamp = {Wed, 14 Oct 2015 09:56:24 +0200},
	Title = {Exploiting Debate Portals for Semi-Supervised Argumentation Mining in User-Generated Web Discourse},
	Url = {http://aclweb.org/anthology/D/D15/D15-1255.pdf},
	Year = {2015},
	Bdsk-File-1 = {YnBsaXN0MDDUAQIDBAUGJCVYJHZlcnNpb25YJG9iamVjdHNZJGFyY2hpdmVyVCR0b3ASAAGGoKgHCBMUFRYaIVUkbnVsbNMJCgsMDxJXTlMua2V5c1pOUy5vYmplY3RzViRjbGFzc6INDoACgAOiEBGABIAFgAdccmVsYXRpdmVQYXRoWWFsaWFzRGF0YV8QSEhhYmVybmFsL0V4cGxvaXRpbmcgRGViYXRlIFBvcnRhbHMgZm9yIFNlbWktU3VwZXJ2aXNlZCBBcmd1bWVudGF0aW9uLnBkZtIXCxgZV05TLmRhdGFPEQJCAAAAAAJCAAIAAAxNYWNpbnRvc2ggSEQAAAAAAAAAAAAAAAAAAADSPZ65SCsAAAGeDP8fRXhwbG9pdGluZyBEZWJhdGUgUCMxOUUzNTI4LnBkZgAAAAAAAAAAAAAAAAAAAAAAAAAAAAAAAAAAAAAAAAAAAZ41KNYksy8AAAAAAAAAAAABAAMAAAkgAAAAAAAAAAAAAAAAAAAACEhhYmVybmFsABAACAAA0j2CmQAAABEACAAA1iSlHwAAAAEAFAGeDP8BngOsABFQZQAQ2UMAENlBAAIAVE1hY2ludG9zaCBIRDpVc2VyczoAbWlyY286AERlc2t0b3A6AFBhcGVyOgBIYWJlcm5hbDoARXhwbG9pdGluZyBEZWJhdGUgUCMxOUUzNTI4LnBkZgAOAIAAPwBFAHgAcABsAG8AaQB0AGkAbgBnACAARABlAGIAYQB0AGUAIABQAG8AcgB0AGEAbABzACAAZgBvAHIAIABTAGUAbQBpAC0AUwB1AHAAZQByAHYAaQBzAGUAZAAgAEEAcgBnAHUAbQBlAG4AdABhAHQAaQBvAG4ALgBwAGQAZgAPABoADABNAGEAYwBpAG4AdABvAHMAaAAgAEgARAASAGJVc2Vycy9taXJjby9EZXNrdG9wL1BhcGVyL0hhYmVybmFsL0V4cGxvaXRpbmcgRGViYXRlIFBvcnRhbHMgZm9yIFNlbWktU3VwZXJ2aXNlZCBBcmd1bWVudGF0aW9uLnBkZgATAAEvAAAVAAIADP//AACABtIbHB0eWiRjbGFzc25hbWVYJGNsYXNzZXNdTlNNdXRhYmxlRGF0YaMdHyBWTlNEYXRhWE5TT2JqZWN00hscIiNcTlNEaWN0aW9uYXJ5oiIgXxAPTlNLZXllZEFyY2hpdmVy0SYnVHJvb3SAAQAIABEAGgAjAC0AMgA3AEAARgBNAFUAYABnAGoAbABuAHEAcwB1AHcAhACOANkA3gDmAywDLgMzAz4DRwNVA1kDYANpA24DewN+A5ADkwOYAAAAAAAAAgEAAAAAAAAAKAAAAAAAAAAAAAAAAAAAA5o=},
	Bdsk-Url-1 = {http://aclweb.org/anthology/D/D15/D15-1255.pdf}}

@article{Kim2014Convolutional-N,
	Archiveprefix = {arXiv},
	Author = {Kim, Yoon},
	Bibsource = {dblp computer science bibliography, http://dblp.org},
	Biburl = {http://dblp.org/rec/bib/journals/corr/Kim14f},
	Date-Added = {2017-11-05 11:13:34 +0000},
	Date-Modified = {2017-11-05 11:38:33 +0000},
	Eprint = {1408.5882},
	Journal = {CoRR},
	Timestamp = {Wed, 07 Jun 2017 14:40:07 +0200},
	Title = {Convolutional Neural Networks for Sentence Classification},
	Url = {http://arxiv.org/abs/1408.5882},
	Volume = {abs/1408.5882},
	Year = {2014},
	Bdsk-File-1 = {YnBsaXN0MDDUAQIDBAUGJCVYJHZlcnNpb25YJG9iamVjdHNZJGFyY2hpdmVyVCR0b3ASAAGGoKgHCBMUFRYaIVUkbnVsbNMJCgsMDxJXTlMua2V5c1pOUy5vYmplY3RzViRjbGFzc6INDoACgAOiEBGABIAFgAdccmVsYXRpdmVQYXRoWWFsaWFzRGF0YV8QQUtpbS9Db252b2x1dGlvbmFsIE5ldXJhbCBOZXR3b3JrcyBmb3IgU2VudGVuY2UgQ2xhc3NpZmljYXRpb24ucGRm0hcLGBlXTlMuZGF0YU8RAjAAAAAAAjAAAgAADE1hY2ludG9zaCBIRAAAAAAAAAAAAAAAAAAAANI9nrlIKwAAAZ4zbx9Db252b2x1dGlvbmFsIE5ldXJhIzE5RTMzNjYucGRmAAAAAAAAAAAAAAAAAAAAAAAAAAAAAAAAAAAAAAAAAAABnjNm1iSxBwAAAAAAAAAAAAEAAwAACSAAAAAAAAAAAAAAAAAAAAADS2ltAAAQAAgAANI9gpkAAAARAAgAANYkovcAAAABABQBnjNvAZ4DrAARUGUAENlDABDZQQACAE9NYWNpbnRvc2ggSEQ6VXNlcnM6AG1pcmNvOgBEZXNrdG9wOgBQYXBlcjoAS2ltOgBDb252b2x1dGlvbmFsIE5ldXJhIzE5RTMzNjYucGRmAAAOAHwAPQBDAG8AbgB2AG8AbAB1AHQAaQBvAG4AYQBsACAATgBlAHUAcgBhAGwAIABOAGUAdAB3AG8AcgBrAHMAIABmAG8AcgAgAFMAZQBuAHQAZQBuAGMAZQAgAEMAbABhAHMAcwBpAGYAaQBjAGEAdABpAG8AbgAuAHAAZABmAA8AGgAMAE0AYQBjAGkAbgB0AG8AcwBoACAASABEABIAW1VzZXJzL21pcmNvL0Rlc2t0b3AvUGFwZXIvS2ltL0NvbnZvbHV0aW9uYWwgTmV1cmFsIE5ldHdvcmtzIGZvciBTZW50ZW5jZSBDbGFzc2lmaWNhdGlvbi5wZGYAABMAAS8AABUAAgAM//8AAIAG0hscHR5aJGNsYXNzbmFtZVgkY2xhc3Nlc11OU011dGFibGVEYXRhox0fIFZOU0RhdGFYTlNPYmplY3TSGxwiI1xOU0RpY3Rpb25hcnmiIiBfEA9OU0tleWVkQXJjaGl2ZXLRJidUcm9vdIABAAgAEQAaACMALQAyADcAQABGAE0AVQBgAGcAagBsAG4AcQBzAHUAdwCEAI4A0gDXAN8DEwMVAxoDJQMuAzwDQANHA1ADVQNiA2UDdwN6A38AAAAAAAACAQAAAAAAAAAoAAAAAAAAAAAAAAAAAAADgQ==},
	Bdsk-Url-1 = {http://arxiv.org/abs/1408.5882}}

@inproceedings{Stab2014Identifying-Arg,
	Author = {Stab, Christian and Gurevych, Iryna},
	Booktitle = {EMNLP},
	Date-Added = {2017-11-05 11:11:00 +0000},
	Date-Modified = {2017-11-05 11:38:33 +0000},
	Pages = {46--56},
	Title = {Identifying Argumentative Discourse Structures in Persuasive Essays.},
	Year = {2014},
	Bdsk-File-1 = {YnBsaXN0MDDUAQIDBAUGJCVYJHZlcnNpb25YJG9iamVjdHNZJGFyY2hpdmVyVCR0b3ASAAGGoKgHCBMUFRYaIVUkbnVsbNMJCgsMDxJXTlMua2V5c1pOUy5vYmplY3RzViRjbGFzc6INDoACgAOiEBGABIAFgAdccmVsYXRpdmVQYXRoWWFsaWFzRGF0YV8QRVN0YWIvSWRlbnRpZnlpbmcgQXJndW1lbnRhdGl2ZSBEaXNjb3Vyc2UgU3RydWN0dXJlcyBpbiBQZXJzdWFzaXZlLnBkZtIXCxgZV05TLmRhdGFPEQI6AAAAAAI6AAIAAAxNYWNpbnRvc2ggSEQAAAAAAAAAAAAAAAAAAADSPZ65SCsAAAGeCKMfSWRlbnRpZnlpbmcgQXJndW1lbiMxOUUzMjk2LnBkZgAAAAAAAAAAAAAAAAAAAAAAAAAAAAAAAAAAAAAAAAAAAZ4yltYksF0AAAAAAAAAAAABAAMAAAkgAAAAAAAAAAAAAAAAAAAABFN0YWIAEAAIAADSPYKZAAAAEQAIAADWJKJNAAAAAQAUAZ4IowGeA6wAEVBlABDZQwAQ2UEAAgBQTWFjaW50b3NoIEhEOlVzZXJzOgBtaXJjbzoARGVza3RvcDoAUGFwZXI6AFN0YWI6AElkZW50aWZ5aW5nIEFyZ3VtZW4jMTlFMzI5Ni5wZGYADgCCAEAASQBkAGUAbgB0AGkAZgB5AGkAbgBnACAAQQByAGcAdQBtAGUAbgB0AGEAdABpAHYAZQAgAEQAaQBzAGMAbwB1AHIAcwBlACAAUwB0AHIAdQBjAHQAdQByAGUAcwAgAGkAbgAgAFAAZQByAHMAdQBhAHMAaQB2AGUALgBwAGQAZgAPABoADABNAGEAYwBpAG4AdABvAHMAaAAgAEgARAASAF9Vc2Vycy9taXJjby9EZXNrdG9wL1BhcGVyL1N0YWIvSWRlbnRpZnlpbmcgQXJndW1lbnRhdGl2ZSBEaXNjb3Vyc2UgU3RydWN0dXJlcyBpbiBQZXJzdWFzaXZlLnBkZgAAEwABLwAAFQACAAz//wAAgAbSGxwdHlokY2xhc3NuYW1lWCRjbGFzc2VzXU5TTXV0YWJsZURhdGGjHR8gVk5TRGF0YVhOU09iamVjdNIbHCIjXE5TRGljdGlvbmFyeaIiIF8QD05TS2V5ZWRBcmNoaXZlctEmJ1Ryb290gAEACAARABoAIwAtADIANwBAAEYATQBVAGAAZwBqAGwAbgBxAHMAdQB3AIQAjgDWANsA4wMhAyMDKAMzAzwDSgNOA1UDXgNjA3ADcwOFA4gDjQAAAAAAAAIBAAAAAAAAACgAAAAAAAAAAAAAAAAAAAOP}}

@inproceedings{Park2014Identifying-App,
	Author = {Park, Joonsuk and Cardie, Claire},
	Booktitle = {ArgMining@ ACL},
	Date-Added = {2017-11-05 11:09:36 +0000},
	Date-Modified = {2017-11-05 11:38:33 +0000},
	Pages = {29--38},
	Title = {Identifying Appropriate Support for Propositions in Online User Comments.},
	Year = {2014},
	Bdsk-File-1 = {YnBsaXN0MDDUAQIDBAUGJCVYJHZlcnNpb25YJG9iamVjdHNZJGFyY2hpdmVyVCR0b3ASAAGGoKgHCBMUFRYaIVUkbnVsbNMJCgsMDxJXTlMua2V5c1pOUy5vYmplY3RzViRjbGFzc6INDoACgAOiEBGABIAFgAdccmVsYXRpdmVQYXRoWWFsaWFzRGF0YV8QQ1BhcmsvSWRlbnRpZnlpbmcgQXBwcm9wcmlhdGUgU3VwcG9ydCBmb3IgUHJvcG9zaXRpb25zIGluIE9ubGluZS5wZGbSFwsYGVdOUy5kYXRhTxECNAAAAAACNAACAAAMTWFjaW50b3NoIEhEAAAAAAAAAAAAAAAAAAAA0j2euUgrAAABnjI0H0lkZW50aWZ5aW5nIEFwcHJvcHIjMTlFMzIzMC5wZGYAAAAAAAAAAAAAAAAAAAAAAAAAAAAAAAAAAAAAAAAAAAGeMjDWJLAbAAAAAAAAAAAAAQADAAAJIAAAAAAAAAAAAAAAAAAAAARQYXJrABAACAAA0j2CmQAAABEACAAA1iSiCwAAAAEAFAGeMjQBngOsABFQZQAQ2UMAENlBAAIAUE1hY2ludG9zaCBIRDpVc2VyczoAbWlyY286AERlc2t0b3A6AFBhcGVyOgBQYXJrOgBJZGVudGlmeWluZyBBcHByb3ByIzE5RTMyMzAucGRmAA4AfgA+AEkAZABlAG4AdABpAGYAeQBpAG4AZwAgAEEAcABwAHIAbwBwAHIAaQBhAHQAZQAgAFMAdQBwAHAAbwByAHQAIABmAG8AcgAgAFAAcgBvAHAAbwBzAGkAdABpAG8AbgBzACAAaQBuACAATwBuAGwAaQBuAGUALgBwAGQAZgAPABoADABNAGEAYwBpAG4AdABvAHMAaAAgAEgARAASAF1Vc2Vycy9taXJjby9EZXNrdG9wL1BhcGVyL1BhcmsvSWRlbnRpZnlpbmcgQXBwcm9wcmlhdGUgU3VwcG9ydCBmb3IgUHJvcG9zaXRpb25zIGluIE9ubGluZS5wZGYAABMAAS8AABUAAgAM//8AAIAG0hscHR5aJGNsYXNzbmFtZVgkY2xhc3Nlc11OU011dGFibGVEYXRhox0fIFZOU0RhdGFYTlNPYmplY3TSGxwiI1xOU0RpY3Rpb25hcnmiIiBfEA9OU0tleWVkQXJjaGl2ZXLRJidUcm9vdIABAAgAEQAaACMALQAyADcAQABGAE0AVQBgAGcAagBsAG4AcQBzAHUAdwCEAI4A1ADZAOEDGQMbAyADKwM0A0IDRgNNA1YDWwNoA2sDfQOAA4UAAAAAAAACAQAAAAAAAAAoAAAAAAAAAAAAAAAAAAADhw==}}

@inproceedings{Wachsmuth2017Building-an-arg,
	Author = {Wachsmuth, Henning and Potthast, Martin and Al Khatib, Khalid and Ajjour, Yamen and Puschmann, Jana and Qu, Jiani and Dorsch, Jonas and Morari, Viorel and Bevendorff, Janek and Stein, Benno},
	Booktitle = {Proceedings of the 4th Workshop on Argument Mining},
	Date-Added = {2017-11-05 09:23:19 +0000},
	Date-Modified = {2017-11-09 10:09:03 +0000},
	Keywords = {Search},
	Pages = {49--59},
	Rating = {4},
	Read = {1},
	Title = {Building an argument search engine for the web},
	Year = {2017},
	Bdsk-File-1 = {YnBsaXN0MDDUAQIDBAUGJCVYJHZlcnNpb25YJG9iamVjdHNZJGFyY2hpdmVyVCR0b3ASAAGGoKgHCBMUFRYaIVUkbnVsbNMJCgsMDxJXTlMua2V5c1pOUy5vYmplY3RzViRjbGFzc6INDoACgAOiEBGABIAFgAdccmVsYXRpdmVQYXRoWWFsaWFzRGF0YV8QPFdhY2hzbXV0aC9CdWlsZGluZyBhbiBhcmd1bWVudCBzZWFyY2ggZW5naW5lIGZvciB0aGUgd2ViLnBkZtIXCxgZV05TLmRhdGFPEQIgAAAAAAIgAAIAAAxNYWNpbnRvc2ggSEQAAAAAAAAAAAAAAAAAAADSPZ65SCsAAAGeFugfQnVpbGRpbmcgYW4gYXJndW1lbiMxOUUyNjk5LnBkZgAAAAAAAAAAAAAAAAAAAAAAAAAAAAAAAAAAAAAAAAAAAZ4mmdYklw8AAAAAAAAAAAABAAMAAAkgAAAAAAAAAAAAAAAAAAAACVdhY2hzbXV0aAAAEAAIAADSPYKZAAAAEQAIAADWJIj/AAAAAQAUAZ4W6AGeA6wAEVBlABDZQwAQ2UEAAgBVTWFjaW50b3NoIEhEOlVzZXJzOgBtaXJjbzoARGVza3RvcDoAUGFwZXI6AFdhY2hzbXV0aDoAQnVpbGRpbmcgYW4gYXJndW1lbiMxOUUyNjk5LnBkZgAADgBmADIAQgB1AGkAbABkAGkAbgBnACAAYQBuACAAYQByAGcAdQBtAGUAbgB0ACAAcwBlAGEAcgBjAGgAIABlAG4AZwBpAG4AZQAgAGYAbwByACAAdABoAGUAIAB3AGUAYgAuAHAAZABmAA8AGgAMAE0AYQBjAGkAbgB0AG8AcwBoACAASABEABIAVlVzZXJzL21pcmNvL0Rlc2t0b3AvUGFwZXIvV2FjaHNtdXRoL0J1aWxkaW5nIGFuIGFyZ3VtZW50IHNlYXJjaCBlbmdpbmUgZm9yIHRoZSB3ZWIucGRmABMAAS8AABUAAgAM//8AAIAG0hscHR5aJGNsYXNzbmFtZVgkY2xhc3Nlc11OU011dGFibGVEYXRhox0fIFZOU0RhdGFYTlNPYmplY3TSGxwiI1xOU0RpY3Rpb25hcnmiIiBfEA9OU0tleWVkQXJjaGl2ZXLRJidUcm9vdIABAAgAEQAaACMALQAyADcAQABGAE0AVQBgAGcAagBsAG4AcQBzAHUAdwCEAI4AzQDSANoC/gMAAwUDEAMZAycDKwMyAzsDQANNA1ADYgNlA2oAAAAAAAACAQAAAAAAAAAoAAAAAAAAAAAAAAAAAAADbA==}}

@inproceedings{Dusmanu2017Argument-Mining,
	Author = {Dusmanu, Mihai and Cabrio, Elena and Villata, Serena},
	Booktitle = {Proceedings of the 2017 Conference on Empirical Methods in Natural Language Processing},
	Date-Added = {2017-11-05 09:21:24 +0000},
	Date-Modified = {2017-11-09 10:11:13 +0000},
	Keywords = {Web Discourse},
	Pages = {2307--2312},
	Rating = {3},
	Read = {1},
	Title = {Argument Mining on Twitter: Arguments, Facts and Sources},
	Year = {2017},
	Bdsk-File-1 = {YnBsaXN0MDDUAQIDBAUGJCVYJHZlcnNpb25YJG9iamVjdHNZJGFyY2hpdmVyVCR0b3ASAAGGoKgHCBMUFRYaIVUkbnVsbNMJCgsMDxJXTlMua2V5c1pOUy5vYmplY3RzViRjbGFzc6INDoACgAOiEBGABIAFgAdccmVsYXRpdmVQYXRoWWFsaWFzRGF0YV8QN0R1c21hbnUvQXJndW1lbnQgTWluaW5nIG9uIFR3aXR0ZXIgQXJndW1lbnRzLCBGYWN0cy5wZGbSFwsYGVdOUy5kYXRhTxECEgAAAAACEgACAAAMTWFjaW50b3NoIEhEAAAAAAAAAAAAAAAAAAAA0j2euUgrAAABnhZlH0FyZ3VtZW50IE1pbmluZyBvbiAjMUEwQ0U3MS5wZGYAAAAAAAAAAAAAAAAAAAAAAAAAAAAAAAAAAAAAAAAAAAGgznHWJJawAAAAAAAAAAAAAQADAAAJIAAAAAAAAAAAAAAAAAAAAAdEdXNtYW51AAAQAAgAANI9gpkAAAARAAgAANYkiKAAAAABABQBnhZlAZ4DrAARUGUAENlDABDZQQACAFNNYWNpbnRvc2ggSEQ6VXNlcnM6AG1pcmNvOgBEZXNrdG9wOgBQYXBlcjoARHVzbWFudToAQXJndW1lbnQgTWluaW5nIG9uICMxQTBDRTcxLnBkZgAADgBgAC8AQQByAGcAdQBtAGUAbgB0ACAATQBpAG4AaQBuAGcAIABvAG4AIABUAHcAaQB0AHQAZQByACAAQQByAGcAdQBtAGUAbgB0AHMALAAgAEYAYQBjAHQAcwAuAHAAZABmAA8AGgAMAE0AYQBjAGkAbgB0AG8AcwBoACAASABEABIAUVVzZXJzL21pcmNvL0Rlc2t0b3AvUGFwZXIvRHVzbWFudS9Bcmd1bWVudCBNaW5pbmcgb24gVHdpdHRlciBBcmd1bWVudHMsIEZhY3RzLnBkZgAAEwABLwAAFQACAAz//wAAgAbSGxwdHlokY2xhc3NuYW1lWCRjbGFzc2VzXU5TTXV0YWJsZURhdGGjHR8gVk5TRGF0YVhOU09iamVjdNIbHCIjXE5TRGljdGlvbmFyeaIiIF8QD05TS2V5ZWRBcmNoaXZlctEmJ1Ryb290gAEACAARABoAIwAtADIANwBAAEYATQBVAGAAZwBqAGwAbgBxAHMAdQB3AIQAjgDIAM0A1QLrAu0C8gL9AwYDFAMYAx8DKAMtAzoDPQNPA1IDVwAAAAAAAAIBAAAAAAAAACgAAAAAAAAAAAAAAAAAAANZ}}

@inproceedings{Aker2017What-works-and-,
	Author = {Aker, Ahmet and Sliwa, Alfred and Ma, Yuan and Lui, Ruishen and Borad, Niravkumar and Ziyaei, Seyedeh and Ghobadi, Mina},
	Booktitle = {Proceedings of the 4th Workshop on Argument Mining},
	Cites = {Lippi:2016:AMS:2909066.2850417, lippi2015context,stab2014identifying,DBLP:journals/corr/Kim14f},
	Date-Added = {2017-11-05 09:20:49 +0000},
	Date-Modified = {2017-11-08 16:21:33 +0000},
	Keywords = {Claim, Features, NN},
	Pages = {91--96},
	Rating = {3},
	Read = {1},
	Title = {What works and what does not: Classifier and feature analysis for argument mining},
	Year = {2017},
	Bdsk-File-1 = {YnBsaXN0MDDUAQIDBAUGJCVYJHZlcnNpb25YJG9iamVjdHNZJGFyY2hpdmVyVCR0b3ASAAGGoKgHCBMUFRYaIVUkbnVsbNMJCgsMDxJXTlMua2V5c1pOUy5vYmplY3RzViRjbGFzc6INDoACgAOiEBGABIAFgAdccmVsYXRpdmVQYXRoWWFsaWFzRGF0YV8QMEFrZXIvV2hhdCB3b3JrcyBhbmQgd2hhdCBkb2VzIG5vdCBDbGFzc2lmaWVyLnBkZtIXCxgZV05TLmRhdGFPEQH6AAAAAAH6AAIAAAxNYWNpbnRvc2ggSEQAAAAAAAAAAAAAAAAAAADSPZ65SCsAAAGeFjIfV2hhdCB3b3JrcyBhbmQgd2hhdCMxOUUzMDFCLnBkZgAAAAAAAAAAAAAAAAAAAAAAAAAAAAAAAAAAAAAAAAAAAZ4wG9YklnoAAAAAAAAAAAABAAMAAAkgAAAAAAAAAAAAAAAAAAAABEFrZXIAEAAIAADSPYKZAAAAEQAIAADWJIhqAAAAAQAUAZ4WMgGeA6wAEVBlABDZQwAQ2UEAAgBQTWFjaW50b3NoIEhEOlVzZXJzOgBtaXJjbzoARGVza3RvcDoAUGFwZXI6AEFrZXI6AFdoYXQgd29ya3MgYW5kIHdoYXQjMTlFMzAxQi5wZGYADgBYACsAVwBoAGEAdAAgAHcAbwByAGsAcwAgAGEAbgBkACAAdwBoAGEAdAAgAGQAbwBlAHMAIABuAG8AdAAgAEMAbABhAHMAcwBpAGYAaQBlAHIALgBwAGQAZgAPABoADABNAGEAYwBpAG4AdABvAHMAaAAgAEgARAASAEpVc2Vycy9taXJjby9EZXNrdG9wL1BhcGVyL0FrZXIvV2hhdCB3b3JrcyBhbmQgd2hhdCBkb2VzIG5vdCBDbGFzc2lmaWVyLnBkZgATAAEvAAAVAAIADP//AACABtIbHB0eWiRjbGFzc25hbWVYJGNsYXNzZXNdTlNNdXRhYmxlRGF0YaMdHyBWTlNEYXRhWE5TT2JqZWN00hscIiNcTlNEaWN0aW9uYXJ5oiIgXxAPTlNLZXllZEFyY2hpdmVy0SYnVHJvb3SAAQAIABEAGgAjAC0AMgA3AEAARgBNAFUAYABnAGoAbABuAHEAcwB1AHcAhACOAMEAxgDOAswCzgLTAt4C5wL1AvkDAAMJAw4DGwMeAzADMwM4AAAAAAAAAgEAAAAAAAAAKAAAAAAAAAAAAAAAAAAAAzo=},
	Bdsk-File-2 = {YnBsaXN0MDDUAQIDBAUGJCVYJHZlcnNpb25YJG9iamVjdHNZJGFyY2hpdmVyVCR0b3ASAAGGoKgHCBMUFRYaIVUkbnVsbNMJCgsMDxJXTlMua2V5c1pOUy5vYmplY3RzViRjbGFzc6INDoACgAOiEBGABIAFgAdccmVsYXRpdmVQYXRoWWFsaWFzRGF0YV8QMEFrZXIvV2hhdCB3b3JrcyBhbmQgd2hhdCBkb2VzIG5vdCBDbGFzc2lmaWVyLnBkZtIXCxgZV05TLmRhdGFPEQH6AAAAAAH6AAIAAAxNYWNpbnRvc2ggSEQAAAAAAAAAAAAAAAAAAADSPZ65SCsAAAGeFjIfV2hhdCB3b3JrcyBhbmQgd2hhdCMxOUUzMDFCLnBkZgAAAAAAAAAAAAAAAAAAAAAAAAAAAAAAAAAAAAAAAAAAAZ4wG9YklnoAAAAAAAAAAAABAAMAAAkgAAAAAAAAAAAAAAAAAAAABEFrZXIAEAAIAADSPYKZAAAAEQAIAADWJIhqAAAAAQAUAZ4WMgGeA6wAEVBlABDZQwAQ2UEAAgBQTWFjaW50b3NoIEhEOlVzZXJzOgBtaXJjbzoARGVza3RvcDoAUGFwZXI6AEFrZXI6AFdoYXQgd29ya3MgYW5kIHdoYXQjMTlFMzAxQi5wZGYADgBYACsAVwBoAGEAdAAgAHcAbwByAGsAcwAgAGEAbgBkACAAdwBoAGEAdAAgAGQAbwBlAHMAIABuAG8AdAAgAEMAbABhAHMAcwBpAGYAaQBlAHIALgBwAGQAZgAPABoADABNAGEAYwBpAG4AdABvAHMAaAAgAEgARAASAEpVc2Vycy9taXJjby9EZXNrdG9wL1BhcGVyL0FrZXIvV2hhdCB3b3JrcyBhbmQgd2hhdCBkb2VzIG5vdCBDbGFzc2lmaWVyLnBkZgATAAEvAAAVAAIADP//AACABtIbHB0eWiRjbGFzc25hbWVYJGNsYXNzZXNdTlNNdXRhYmxlRGF0YaMdHyBWTlNEYXRhWE5TT2JqZWN00hscIiNcTlNEaWN0aW9uYXJ5oiIgXxAPTlNLZXllZEFyY2hpdmVy0SYnVHJvb3SAAQAIABEAGgAjAC0AMgA3AEAARgBNAFUAYABnAGoAbABuAHEAcwB1AHcAhACOAMEAxgDOAswCzgLTAt4C5wL1AvkDAAMJAw4DGwMeAzADMwM4AAAAAAAAAgEAAAAAAAAAKAAAAAAAAAAAAAAAAAAAAzo=}}

@inproceedings{Habernal2014Argumentation-M,
	Author = {Habernal, Ivan and Eckle-Kohler, Judith and Gurevych, Iryna},
	Booktitle = {ArgNLP},
	Date-Added = {2017-11-05 09:18:55 +0000},
	Date-Modified = {2017-11-05 11:38:33 +0000},
	Title = {Argumentation Mining on the Web from Information Seeking Perspective.},
	Year = {2014},
	Bdsk-File-1 = {YnBsaXN0MDDUAQIDBAUGJCVYJHZlcnNpb25YJG9iamVjdHNZJGFyY2hpdmVyVCR0b3ASAAGGoKgHCBMUFRYaIVUkbnVsbNMJCgsMDxJXTlMua2V5c1pOUy5vYmplY3RzViRjbGFzc6INDoACgAOiEBGABIAFgAdccmVsYXRpdmVQYXRoWWFsaWFzRGF0YV8QRUhhYmVybmFsL0FyZ3VtZW50YXRpb24gTWluaW5nIG9uIHRoZSBXZWIgZnJvbSBJbmZvcm1hdGlvbiBTZWVraW5nLnBkZtIXCxgZV05TLmRhdGFPEQI6AAAAAAI6AAIAAAxNYWNpbnRvc2ggSEQAAAAAAAAAAAAAAAAAAADSPZ65SCsAAAGeDP8fQXJndW1lbnRhdGlvbiBNaW5pbiMxOUUxNTkwLnBkZgAAAAAAAAAAAAAAAAAAAAAAAAAAAAAAAAAAAAAAAAAAAZ4VkNYklggAAAAAAAAAAAABAAMAAAkgAAAAAAAAAAAAAAAAAAAACEhhYmVybmFsABAACAAA0j2CmQAAABEACAAA1iSH+AAAAAEAFAGeDP8BngOsABFQZQAQ2UMAENlBAAIAVE1hY2ludG9zaCBIRDpVc2VyczoAbWlyY286AERlc2t0b3A6AFBhcGVyOgBIYWJlcm5hbDoAQXJndW1lbnRhdGlvbiBNaW5pbiMxOUUxNTkwLnBkZgAOAHoAPABBAHIAZwB1AG0AZQBuAHQAYQB0AGkAbwBuACAATQBpAG4AaQBuAGcAIABvAG4AIAB0AGgAZQAgAFcAZQBiACAAZgByAG8AbQAgAEkAbgBmAG8AcgBtAGEAdABpAG8AbgAgAFMAZQBlAGsAaQBuAGcALgBwAGQAZgAPABoADABNAGEAYwBpAG4AdABvAHMAaAAgAEgARAASAF9Vc2Vycy9taXJjby9EZXNrdG9wL1BhcGVyL0hhYmVybmFsL0FyZ3VtZW50YXRpb24gTWluaW5nIG9uIHRoZSBXZWIgZnJvbSBJbmZvcm1hdGlvbiBTZWVraW5nLnBkZgAAEwABLwAAFQACAAz//wAAgAbSGxwdHlokY2xhc3NuYW1lWCRjbGFzc2VzXU5TTXV0YWJsZURhdGGjHR8gVk5TRGF0YVhOU09iamVjdNIbHCIjXE5TRGljdGlvbmFyeaIiIF8QD05TS2V5ZWRBcmNoaXZlctEmJ1Ryb290gAEACAARABoAIwAtADIANwBAAEYATQBVAGAAZwBqAGwAbgBxAHMAdQB3AIQAjgDWANsA4wMhAyMDKAMzAzwDSgNOA1UDXgNjA3ADcwOFA4gDjQAAAAAAAAIBAAAAAAAAACgAAAAAAAAAAAAAAAAAAAOP}}

@inproceedings{Eckle-Kohler2015On-the-Role-of-,
	Author = {Eckle-Kohler, Judith and Kluge, Roland and Gurevych, Iryna},
	Booktitle = {EMNLP},
	Date-Added = {2017-11-05 09:17:40 +0000},
	Date-Modified = {2017-11-05 11:38:33 +0000},
	Pages = {2236--2242},
	Title = {On the Role of Discourse Markers for Discriminating Claims and Premises in Argumentative Discourse.},
	Year = {2015},
	Bdsk-File-1 = {YnBsaXN0MDDUAQIDBAUGJCVYJHZlcnNpb25YJG9iamVjdHNZJGFyY2hpdmVyVCR0b3ASAAGGoKgHCBMUFRYaIVUkbnVsbNMJCgsMDxJXTlMua2V5c1pOUy5vYmplY3RzViRjbGFzc6INDoACgAOiEBGABIAFgAdccmVsYXRpdmVQYXRoWWFsaWFzRGF0YV8QS0Vja2xlLUtvaGxlci9PbiB0aGUgUm9sZSBvZiBEaXNjb3Vyc2UgTWFya2VycyBmb3IgRGlzY3JpbWluYXRpbmcgQ2xhaW1zLnBkZtIXCxgZV05TLmRhdGFPEQJMAAAAAAJMAAIAAAxNYWNpbnRvc2ggSEQAAAAAAAAAAAAAAAAAAADSPZ65SCsAAAGeFUMfT24gdGhlIFJvbGUgb2YgRGlzYyMxOUUxNTQxLnBkZgAAAAAAAAAAAAAAAAAAAAAAAAAAAAAAAAAAAAAAAAAAAZ4VQdYkldgAAAAAAAAAAAABAAMAAAkgAAAAAAAAAAAAAAAAAAAADEVja2xlLUtvaGxlcgAQAAgAANI9gpkAAAARAAgAANYkh8gAAAABABQBnhVDAZ4DrAARUGUAENlDABDZQQACAFhNYWNpbnRvc2ggSEQ6VXNlcnM6AG1pcmNvOgBEZXNrdG9wOgBQYXBlcjoARWNrbGUtS29obGVyOgBPbiB0aGUgUm9sZSBvZiBEaXNjIzE5RTE1NDEucGRmAA4AfgA+AE8AbgAgAHQAaABlACAAUgBvAGwAZQAgAG8AZgAgAEQAaQBzAGMAbwB1AHIAcwBlACAATQBhAHIAawBlAHIAcwAgAGYAbwByACAARABpAHMAYwByAGkAbQBpAG4AYQB0AGkAbgBnACAAQwBsAGEAaQBtAHMALgBwAGQAZgAPABoADABNAGEAYwBpAG4AdABvAHMAaAAgAEgARAASAGVVc2Vycy9taXJjby9EZXNrdG9wL1BhcGVyL0Vja2xlLUtvaGxlci9PbiB0aGUgUm9sZSBvZiBEaXNjb3Vyc2UgTWFya2VycyBmb3IgRGlzY3JpbWluYXRpbmcgQ2xhaW1zLnBkZgAAEwABLwAAFQACAAz//wAAgAbSGxwdHlokY2xhc3NuYW1lWCRjbGFzc2VzXU5TTXV0YWJsZURhdGGjHR8gVk5TRGF0YVhOU09iamVjdNIbHCIjXE5TRGljdGlvbmFyeaIiIF8QD05TS2V5ZWRBcmNoaXZlctEmJ1Ryb290gAEACAARABoAIwAtADIANwBAAEYATQBVAGAAZwBqAGwAbgBxAHMAdQB3AIQAjgDcAOEA6QM5AzsDQANLA1QDYgNmA20DdgN7A4gDiwOdA6ADpQAAAAAAAAIBAAAAAAAAACgAAAAAAAAAAAAAAAAAAAOn}}

@inproceedings{Lippi2015Context-Indepen,
	Author = {Lippi, Marco and Torroni, Paolo},
	Booktitle = {IJCAI},
	Date-Added = {2017-11-05 09:16:18 +0000},
	Date-Modified = {2017-11-08 16:21:21 +0000},
	Keywords = {Claim, Features},
	Pages = {185--191},
	Rating = {3},
	Read = {1},
	Title = {Context-Independent Claim Detection for Argument Mining.},
	Volume = {15},
	Year = {2015},
	Bdsk-File-1 = {YnBsaXN0MDDUAQIDBAUGJCVYJHZlcnNpb25YJG9iamVjdHNZJGFyY2hpdmVyVCR0b3ASAAGGoKgHCBMUFRYaIVUkbnVsbNMJCgsMDxJXTlMua2V5c1pOUy5vYmplY3RzViRjbGFzc6INDoACgAOiEBGABIAFgAdccmVsYXRpdmVQYXRoWWFsaWFzRGF0YV8QQkxpcHBpL0NvbnRleHQtSW5kZXBlbmRlbnQgQ2xhaW0gRGV0ZWN0aW9uIGZvciBBcmd1bWVudCBNaW5pbmcuLnBkZtIXCxgZV05TLmRhdGFPEQIyAAAAAAIyAAIAAAxNYWNpbnRvc2ggSEQAAAAAAAAAAAAAAAAAAADSPZ65SCsAAAGeEwcfQ29udGV4dC1JbmRlcGVuZGVudCMxOUU0Mjc1LnBkZgAAAAAAAAAAAAAAAAAAAAAAAAAAAAAAAAAAAAAAAAAAAZ5CddYklUEAAAAAAAAAAAABAAMAAAkgAAAAAAAAAAAAAAAAAAAABUxpcHBpAAAQAAgAANI9gpkAAAARAAgAANYkhzEAAAABABQBnhMHAZ4DrAARUGUAENlDABDZQQACAFFNYWNpbnRvc2ggSEQ6VXNlcnM6AG1pcmNvOgBEZXNrdG9wOgBQYXBlcjoATGlwcGk6AENvbnRleHQtSW5kZXBlbmRlbnQjMTlFNDI3NS5wZGYAAA4AegA8AEMAbwBuAHQAZQB4AHQALQBJAG4AZABlAHAAZQBuAGQAZQBuAHQAIABDAGwAYQBpAG0AIABEAGUAdABlAGMAdABpAG8AbgAgAGYAbwByACAAQQByAGcAdQBtAGUAbgB0ACAATQBpAG4AaQBuAGcALgAuAHAAZABmAA8AGgAMAE0AYQBjAGkAbgB0AG8AcwBoACAASABEABIAXFVzZXJzL21pcmNvL0Rlc2t0b3AvUGFwZXIvTGlwcGkvQ29udGV4dC1JbmRlcGVuZGVudCBDbGFpbSBEZXRlY3Rpb24gZm9yIEFyZ3VtZW50IE1pbmluZy4ucGRmABMAAS8AABUAAgAM//8AAIAG0hscHR5aJGNsYXNzbmFtZVgkY2xhc3Nlc11OU011dGFibGVEYXRhox0fIFZOU0RhdGFYTlNPYmplY3TSGxwiI1xOU0RpY3Rpb25hcnmiIiBfEA9OU0tleWVkQXJjaGl2ZXLRJidUcm9vdIABAAgAEQAaACMALQAyADcAQABGAE0AVQBgAGcAagBsAG4AcQBzAHUAdwCEAI4A0wDYAOADFgMYAx0DKAMxAz8DQwNKA1MDWANlA2gDegN9A4IAAAAAAAACAQAAAAAAAAAoAAAAAAAAAAAAAAAAAAADhA==}}

@article{Lippi2016Argumentation-M,
	Acmid = {2850417},
	Address = {New York, NY, USA},
	Articleno = {10},
	Author = {Lippi, Marco and Torroni, Paolo},
	Date-Added = {2017-11-05 09:14:01 +0000},
	Date-Modified = {2017-11-09 10:10:54 +0000},
	Doi = {10.1145/2850417},
	Issn = {1533-5399},
	Issue_Date = {April 2016},
	Journal = {ACM Trans. Internet Technol.},
	Month = mar,
	Number = {2},
	Numpages = {25},
	Pages = {10:1--10:25},
	Publisher = {ACM},
	Title = {Argumentation Mining: State of the Art and Emerging Trends},
	Url = {http://doi.acm.org/10.1145/2850417},
	Volume = {16},
	Year = {2016},
	Bdsk-File-1 = {YnBsaXN0MDDUAQIDBAUGJCVYJHZlcnNpb25YJG9iamVjdHNZJGFyY2hpdmVyVCR0b3ASAAGGoKgHCBMUFRYaIVUkbnVsbNMJCgsMDxJXTlMua2V5c1pOUy5vYmplY3RzViRjbGFzc6INDoACgAOiEBGABIAFgAdccmVsYXRpdmVQYXRoWWFsaWFzRGF0YV8QQ0xpcHBpL0FyZ3VtZW50YXRpb24gTWluaW5nIFN0YXRlIG9mIHRoZSBBcnQgYW5kIEVtZXJnaW5nIFRyZW5kcy5wZGbSFwsYGVdOUy5kYXRhTxECNgAAAAACNgACAAAMTWFjaW50b3NoIEhEAAAAAAAAAAAAAAAAAAAA0j2euUgrAAABnhMHH0FyZ3VtZW50YXRpb24gTWluaW4jMTlFMTI4Ri5wZGYAAAAAAAAAAAAAAAAAAAAAAAAAAAAAAAAAAAAAAAAAAAGeEo/WJJTTAAAAAAAAAAAAAQADAAAJIAAAAAAAAAAAAAAAAAAAAAVMaXBwaQAAEAAIAADSPYKZAAAAEQAIAADWJIbDAAAAAQAUAZ4TBwGeA6wAEVBlABDZQwAQ2UEAAgBRTWFjaW50b3NoIEhEOlVzZXJzOgBtaXJjbzoARGVza3RvcDoAUGFwZXI6AExpcHBpOgBBcmd1bWVudGF0aW9uIE1pbmluIzE5RTEyOEYucGRmAAAOAHwAPQBBAHIAZwB1AG0AZQBuAHQAYQB0AGkAbwBuACAATQBpAG4AaQBuAGcAIABTAHQAYQB0AGUAIABvAGYAIAB0AGgAZQAgAEEAcgB0ACAAYQBuAGQAIABFAG0AZQByAGcAaQBuAGcAIABUAHIAZQBuAGQAcwAuAHAAZABmAA8AGgAMAE0AYQBjAGkAbgB0AG8AcwBoACAASABEABIAXVVzZXJzL21pcmNvL0Rlc2t0b3AvUGFwZXIvTGlwcGkvQXJndW1lbnRhdGlvbiBNaW5pbmcgU3RhdGUgb2YgdGhlIEFydCBhbmQgRW1lcmdpbmcgVHJlbmRzLnBkZgAAEwABLwAAFQACAAz//wAAgAbSGxwdHlokY2xhc3NuYW1lWCRjbGFzc2VzXU5TTXV0YWJsZURhdGGjHR8gVk5TRGF0YVhOU09iamVjdNIbHCIjXE5TRGljdGlvbmFyeaIiIF8QD05TS2V5ZWRBcmNoaXZlctEmJ1Ryb290gAEACAARABoAIwAtADIANwBAAEYATQBVAGAAZwBqAGwAbgBxAHMAdQB3AIQAjgDUANkA4QMbAx0DIgMtAzYDRANIA08DWANdA2oDbQN/A4IDhwAAAAAAAAIBAAAAAAAAACgAAAAAAAAAAAAAAAAAAAOJ}}

@article{Nam2013Large-scale-Mul,
	Author = {Nam, Jinseok and Kim, Jungi and Gurevych, Iryna and F{\"{u}}rnkranz, Johannes},
	Date-Added = {2017-11-05 09:02:23 +0000},
	Date-Modified = {2017-11-05 11:38:33 +0000},
	Journal = {CoRR},
	Title = {Large-scale Multi-label Text Classification - Revisiting Neural Networks},
	Url = {http://arxiv.org/abs/1312.5419},
	Year = {2013},
	Bdsk-File-1 = {YnBsaXN0MDDUAQIDBAUGJCVYJHZlcnNpb25YJG9iamVjdHNZJGFyY2hpdmVyVCR0b3ASAAGGoKgHCBMUFRYaIVUkbnVsbNMJCgsMDxJXTlMua2V5c1pOUy5vYmplY3RzViRjbGFzc6INDoACgAOiEBGABIAFgAdccmVsYXRpdmVQYXRoWWFsaWFzRGF0YV8QQE5hbS9MYXJnZS1zY2FsZSBNdWx0aS1sYWJlbCBUZXh0IENsYXNzaWZpY2F0aW9uIC0gUmV2aXNpdGluZy5wZGbSFwsYGVdOUy5kYXRhTxECLAAAAAACLAACAAAMTWFjaW50b3NoIEhEAAAAAAAAAAAAAAAAAAAA0j2euUgrAAABng1nH0xhcmdlLXNjYWxlIE11bHRpLWwjMTlFMEQ0NS5wZGYAAAAAAAAAAAAAAAAAAAAAAAAAAAAAAAAAAAAAAAAAAAGeDUXWJJIoAAAAAAAAAAAAAQADAAAJIAAAAAAAAAAAAAAAAAAAAANOYW0AABAACAAA0j2CmQAAABEACAAA1iSEGAAAAAEAFAGeDWcBngOsABFQZQAQ2UMAENlBAAIAT01hY2ludG9zaCBIRDpVc2VyczoAbWlyY286AERlc2t0b3A6AFBhcGVyOgBOYW06AExhcmdlLXNjYWxlIE11bHRpLWwjMTlFMEQ0NS5wZGYAAA4AegA8AEwAYQByAGcAZQAtAHMAYwBhAGwAZQAgAE0AdQBsAHQAaQAtAGwAYQBiAGUAbAAgAFQAZQB4AHQAIABDAGwAYQBzAHMAaQBmAGkAYwBhAHQAaQBvAG4AIAAtACAAUgBlAHYAaQBzAGkAdABpAG4AZwAuAHAAZABmAA8AGgAMAE0AYQBjAGkAbgB0AG8AcwBoACAASABEABIAWlVzZXJzL21pcmNvL0Rlc2t0b3AvUGFwZXIvTmFtL0xhcmdlLXNjYWxlIE11bHRpLWxhYmVsIFRleHQgQ2xhc3NpZmljYXRpb24gLSBSZXZpc2l0aW5nLnBkZgATAAEvAAAVAAIADP//AACABtIbHB0eWiRjbGFzc25hbWVYJGNsYXNzZXNdTlNNdXRhYmxlRGF0YaMdHyBWTlNEYXRhWE5TT2JqZWN00hscIiNcTlNEaWN0aW9uYXJ5oiIgXxAPTlNLZXllZEFyY2hpdmVy0SYnVHJvb3SAAQAIABEAGgAjAC0AMgA3AEAARgBNAFUAYABnAGoAbABuAHEAcwB1AHcAhACOANEA1gDeAw4DEAMVAyADKQM3AzsDQgNLA1ADXQNgA3IDdQN6AAAAAAAAAgEAAAAAAAAAKAAAAAAAAAAAAAAAAAAAA3w=}}

@article{Habernal2016Argumentation-M,
	Author = {Habernal, Ivan and Gurevych, Iryna},
	Date-Added = {2017-11-05 09:01:16 +0000},
	Date-Modified = {2017-11-05 11:38:33 +0000},
	Journal = {CoRR},
	Keywords = {Web Discourse},
	Title = {Argumentation Mining in User-Generated Web Discourse},
	Url = {http://arxiv.org/abs/1601.02403},
	Year = {2016},
	Bdsk-File-1 = {YnBsaXN0MDDUAQIDBAUGJCVYJHZlcnNpb25YJG9iamVjdHNZJGFyY2hpdmVyVCR0b3ASAAGGoKgHCBMUFRYaIVUkbnVsbNMJCgsMDxJXTlMua2V5c1pOUy5vYmplY3RzViRjbGFzc6INDoACgAOiEBGABIAFgAdccmVsYXRpdmVQYXRoWWFsaWFzRGF0YV8QQUhhYmVybmFsL0FyZ3VtZW50YXRpb24gTWluaW5nIGluIFVzZXItR2VuZXJhdGVkIFdlYiBEaXNjb3Vyc2UucGRm0hcLGBlXTlMuZGF0YU8RAi4AAAAAAi4AAgAADE1hY2ludG9zaCBIRAAAAAAAAAAAAAAAAAAAANI9nrlIKwAAAZ4M/x9Bcmd1bWVudGF0aW9uIE1pbmluIzE5RTBDQkEucGRmAAAAAAAAAAAAAAAAAAAAAAAAAAAAAAAAAAAAAAAAAAABngy61iSR1QAAAAAAAAAAAAEAAwAACSAAAAAAAAAAAAAAAAAAAAAISGFiZXJuYWwAEAAIAADSPYKZAAAAEQAIAADWJIPFAAAAAQAUAZ4M/wGeA6wAEVBlABDZQwAQ2UEAAgBUTWFjaW50b3NoIEhEOlVzZXJzOgBtaXJjbzoARGVza3RvcDoAUGFwZXI6AEhhYmVybmFsOgBBcmd1bWVudGF0aW9uIE1pbmluIzE5RTBDQkEucGRmAA4AcgA4AEEAcgBnAHUAbQBlAG4AdABhAHQAaQBvAG4AIABNAGkAbgBpAG4AZwAgAGkAbgAgAFUAcwBlAHIALQBHAGUAbgBlAHIAYQB0AGUAZAAgAFcAZQBiACAARABpAHMAYwBvAHUAcgBzAGUALgBwAGQAZgAPABoADABNAGEAYwBpAG4AdABvAHMAaAAgAEgARAASAFtVc2Vycy9taXJjby9EZXNrdG9wL1BhcGVyL0hhYmVybmFsL0FyZ3VtZW50YXRpb24gTWluaW5nIGluIFVzZXItR2VuZXJhdGVkIFdlYiBEaXNjb3Vyc2UucGRmAAATAAEvAAAVAAIADP//AACABtIbHB0eWiRjbGFzc25hbWVYJGNsYXNzZXNdTlNNdXRhYmxlRGF0YaMdHyBWTlNEYXRhWE5TT2JqZWN00hscIiNcTlNEaWN0aW9uYXJ5oiIgXxAPTlNLZXllZEFyY2hpdmVy0SYnVHJvb3SAAQAIABEAGgAjAC0AMgA3AEAARgBNAFUAYABnAGoAbABuAHEAcwB1AHcAhACOANIA1wDfAxEDEwMYAyMDLAM6Az4DRQNOA1MDYANjA3UDeAN9AAAAAAAAAgEAAAAAAAAAKAAAAAAAAAAAAAAAAAAAA38=}}

@article{Eger2017Neural-End-to-E,
	Author = {Eger, Steffen and Daxenberger, Johannes and Gurevych, Iryna},
	Date-Added = {2017-11-05 08:59:53 +0000},
	Date-Modified = {2017-11-09 10:10:31 +0000},
	Journal = {CoRR},
	Keywords = {NN},
	Title = {Neural End-to-End Learning for Computational Argumentation Mining},
	Url = {http://arxiv.org/abs/1704.06104},
	Volume = {abs/1704.06104},
	Year = {2017},
	Bdsk-File-1 = {YnBsaXN0MDDUAQIDBAUGJCVYJHZlcnNpb25YJG9iamVjdHNZJGFyY2hpdmVyVCR0b3ASAAGGoKgHCBMUFRYaIVUkbnVsbNMJCgsMDxJXTlMua2V5c1pOUy5vYmplY3RzViRjbGFzc6INDoACgAOiEBGABIAFgAdccmVsYXRpdmVQYXRoWWFsaWFzRGF0YV8QQ0VnZXIvTmV1cmFsIEVuZC10by1FbmQgTGVhcm5pbmcgZm9yIENvbXB1dGF0aW9uYWwgQXJndW1lbnRhdGlvbi5wZGbSFwsYGVdOUy5kYXRhTxECNAAAAAACNAACAAAMTWFjaW50b3NoIEhEAAAAAAAAAAAAAAAAAAAA0j2euUgrAAABngyFH05ldXJhbCBFbmQtdG8tRW5kIEwjMTlFMEM1Qi5wZGYAAAAAAAAAAAAAAAAAAAAAAAAAAAAAAAAAAAAAAAAAAAGeDFvWJJGWAAAAAAAAAAAAAQADAAAJIAAAAAAAAAAAAAAAAAAAAARFZ2VyABAACAAA0j2CmQAAABEACAAA1iSDhgAAAAEAFAGeDIUBngOsABFQZQAQ2UMAENlBAAIAUE1hY2ludG9zaCBIRDpVc2VyczoAbWlyY286AERlc2t0b3A6AFBhcGVyOgBFZ2VyOgBOZXVyYWwgRW5kLXRvLUVuZCBMIzE5RTBDNUIucGRmAA4AfgA+AE4AZQB1AHIAYQBsACAARQBuAGQALQB0AG8ALQBFAG4AZAAgAEwAZQBhAHIAbgBpAG4AZwAgAGYAbwByACAAQwBvAG0AcAB1AHQAYQB0AGkAbwBuAGEAbAAgAEEAcgBnAHUAbQBlAG4AdABhAHQAaQBvAG4ALgBwAGQAZgAPABoADABNAGEAYwBpAG4AdABvAHMAaAAgAEgARAASAF1Vc2Vycy9taXJjby9EZXNrdG9wL1BhcGVyL0VnZXIvTmV1cmFsIEVuZC10by1FbmQgTGVhcm5pbmcgZm9yIENvbXB1dGF0aW9uYWwgQXJndW1lbnRhdGlvbi5wZGYAABMAAS8AABUAAgAM//8AAIAG0hscHR5aJGNsYXNzbmFtZVgkY2xhc3Nlc11OU011dGFibGVEYXRhox0fIFZOU0RhdGFYTlNPYmplY3TSGxwiI1xOU0RpY3Rpb25hcnmiIiBfEA9OU0tleWVkQXJjaGl2ZXLRJidUcm9vdIABAAgAEQAaACMALQAyADcAQABGAE0AVQBgAGcAagBsAG4AcQBzAHUAdwCEAI4A1ADZAOEDGQMbAyADKwM0A0IDRgNNA1YDWwNoA2sDfQOAA4UAAAAAAAACAQAAAAAAAAAoAAAAAAAAAAAAAAAAAAADhw==}}


@book{W14-21:2014,
	Address = {Baltimore, Maryland},
	Date-Added = {2017-11-15 16:21:34 +0000},
	Date-Modified = {2017-11-15 16:21:34 +0000},
	Editor = {Green, Nancy and Ashley, Kevin and Litman, Diane and Reed, Chris and Walker, Vern},
	Month = {June},
	Publisher = {Association for Computational Linguistics},
	Title = {Proceedings of the First Workshop on Argumentation Mining},
	Url = {http://www.aclweb.org/anthology/W/W14/W14-21},
	Year = {2014},
	Bdsk-Url-1 = {http://www.aclweb.org/anthology/W/W14/W14-21}}


@article{Stab2016Parsing-Argumen,
	Author = {Stab, Christian and Gurevych, Iryna},
	Date-Added = {2017-11-05 08:57:45 +0000},
	Date-Modified = {2017-11-05 11:38:33 +0000},
	Journal = {CoRR},
	Title = {Parsing Argumentation Structures in Persuasive Essays},
	Url = {http://arxiv.org/abs/1604.07370},
	Volume = {abs/1604.07370},
	Year = {2016},
	Bdsk-File-1 = {YnBsaXN0MDDUAQIDBAUGJCVYJHZlcnNpb25YJG9iamVjdHNZJGFyY2hpdmVyVCR0b3ASAAGGoKgHCBMUFRYaIVUkbnVsbNMJCgsMDxJXTlMua2V5c1pOUy5vYmplY3RzViRjbGFzc6INDoACgAOiEBGABIAFgAdccmVsYXRpdmVQYXRoWWFsaWFzRGF0YV8QPlN0YWIvUGFyc2luZyBBcmd1bWVudGF0aW9uIFN0cnVjdHVyZXMgaW4gUGVyc3Vhc2l2ZSBFc3NheXMucGRm0hcLGBlXTlMuZGF0YU8RAiQAAAAAAiQAAgAADE1hY2ludG9zaCBIRAAAAAAAAAAAAAAAAAAAANI9nrlIKwAAAZ4Iox9QYXJzaW5nIEFyZ3VtZW50YXRpIzE5RTA4NzMucGRmAAAAAAAAAAAAAAAAAAAAAAAAAAAAAAAAAAAAAAAAAAABnghz1iSRFwAAAAAAAAAAAAEAAwAACSAAAAAAAAAAAAAAAAAAAAAEU3RhYgAQAAgAANI9gpkAAAARAAgAANYkgwcAAAABABQBngijAZ4DrAARUGUAENlDABDZQQACAFBNYWNpbnRvc2ggSEQ6VXNlcnM6AG1pcmNvOgBEZXNrdG9wOgBQYXBlcjoAU3RhYjoAUGFyc2luZyBBcmd1bWVudGF0aSMxOUUwODczLnBkZgAOAHQAOQBQAGEAcgBzAGkAbgBnACAAQQByAGcAdQBtAGUAbgB0AGEAdABpAG8AbgAgAFMAdAByAHUAYwB0AHUAcgBlAHMAIABpAG4AIABQAGUAcgBzAHUAYQBzAGkAdgBlACAARQBzAHMAYQB5AHMALgBwAGQAZgAPABoADABNAGEAYwBpAG4AdABvAHMAaAAgAEgARAASAFhVc2Vycy9taXJjby9EZXNrdG9wL1BhcGVyL1N0YWIvUGFyc2luZyBBcmd1bWVudGF0aW9uIFN0cnVjdHVyZXMgaW4gUGVyc3Vhc2l2ZSBFc3NheXMucGRmABMAAS8AABUAAgAM//8AAIAG0hscHR5aJGNsYXNzbmFtZVgkY2xhc3Nlc11OU011dGFibGVEYXRhox0fIFZOU0RhdGFYTlNPYmplY3TSGxwiI1xOU0RpY3Rpb25hcnmiIiBfEA9OU0tleWVkQXJjaGl2ZXLRJidUcm9vdIABAAgAEQAaACMALQAyADcAQABGAE0AVQBgAGcAagBsAG4AcQBzAHUAdwCEAI4AzwDUANwDBAMGAwsDFgMfAy0DMQM4A0EDRgNTA1YDaANrA3AAAAAAAAACAQAAAAAAAAAoAAAAAAAAAAAAAAAAAAADcg==}}

@article{Daxenberger2017What-is-the-Ess,
	Author = {Daxenberger, Johannes and Eger, Steffen and Habernal, Ivan and Stab, Christian and Gurevych, Iryna},
	Date-Added = {2017-11-05 08:48:06 +0000},
	Date-Modified = {2017-11-08 16:20:48 +0000},
	Journal = {CoRR},
	Keywords = {Claim, Features, NN},
	Rating = {4},
	Read = {1},
	Title = {What is the Essence of a Claim? Cross-Domain Claim Identification},
	Url = {https://arxiv.org/abs/1704.07203v3},
	Volume = {abs/1704.07203},
	Year = {2017},
	Bdsk-File-1 = {YnBsaXN0MDDUAQIDBAUGJCVYJHZlcnNpb25YJG9iamVjdHNZJGFyY2hpdmVyVCR0b3ASAAGGoKgHCBMUFRYaIVUkbnVsbNMJCgsMDxJXTlMua2V5c1pOUy5vYmplY3RzViRjbGFzc6INDoACgAOiEBGABIAFgAdccmVsYXRpdmVQYXRoWWFsaWFzRGF0YV8QWS4uLy4uL0RvY3VtZW50cy9QYXBlcnMvRGF4ZW5iZXJnZXIvV2hhdCBpcyB0aGUgRXNzZW5jZSBvZiBhIENsYWltPyBDcm9zcy1Eb21haW4gQ2xhaW0ucGRm0hcLGBlXTlMuZGF0YU8RAjgAAAAAAjgAAgAADE1hY2ludG9zaCBIRAAAAAAAAAAAAAAAAAAAANI9nrlIKwAAAZ4FrR9XaGF0IGlzIHRoZSBFc3NlbmNlIzE5RTA1MzUucGRmAAAAAAAAAAAAAAAAAAAAAAAAAAAAAAAAAAAAAAAAAAABngU11iSO0wAAAAAAAAAAAAIABAAACSAAAAAAAAAAAAAAAAAAAAALRGF4ZW5iZXJnZXIAABAACAAA0j2CmQAAABEACAAA1iSAwwAAAAEAFAGeBa0BngWsABFQaAAQ2UMAENlBAAIAWk1hY2ludG9zaCBIRDpVc2VyczoAbWlyY286AERvY3VtZW50czoAUGFwZXJzOgBEYXhlbmJlcmdlcjoAV2hhdCBpcyB0aGUgRXNzZW5jZSMxOUUwNTM1LnBkZgAOAG4ANgBXAGgAYQB0ACAAaQBzACAAdABoAGUAIABFAHMAcwBlAG4AYwBlACAAbwBmACAAYQAgAEMAbABhAGkAbQA/ACAAQwByAG8AcwBzAC0ARABvAG0AYQBpAG4AIABDAGwAYQBpAG0ALgBwAGQAZgAPABoADABNAGEAYwBpAG4AdABvAHMAaAAgAEgARAASAF9Vc2Vycy9taXJjby9Eb2N1bWVudHMvUGFwZXJzL0RheGVuYmVyZ2VyL1doYXQgaXMgdGhlIEVzc2VuY2Ugb2YgYSBDbGFpbT8gQ3Jvc3MtRG9tYWluIENsYWltLnBkZgAAEwABLwAAFQACAAz//wAAgAbSGxwdHlokY2xhc3NuYW1lWCRjbGFzc2VzXU5TTXV0YWJsZURhdGGjHR8gVk5TRGF0YVhOU09iamVjdNIbHCIjXE5TRGljdGlvbmFyeaIiIF8QD05TS2V5ZWRBcmNoaXZlctEmJ1Ryb290gAEACAARABoAIwAtADIANwBAAEYATQBVAGAAZwBqAGwAbgBxAHMAdQB3AIQAjgDqAO8A9wMzAzUDOgNFA04DXANgA2cDcAN1A4IDhQOXA5oDnwAAAAAAAAIBAAAAAAAAACgAAAAAAAAAAAAAAAAAAAOh}}

@comment{BibDesk Static Groups{
<?xml version="1.0" encoding="UTF-8"?>
<!DOCTYPE plist PUBLIC "-//Apple//DTD PLIST 1.0//EN" "http://www.apple.com/DTDs/PropertyList-1.0.dtd">
<plist version="1.0">
<array>
	<dict>
		<key>group name</key>
		<string>Zusammengefasst</string>
		<key>keys</key>
		<string></string>
	</dict>
</array>
</plist>
}}

@comment{BibDesk Smart Groups{
<?xml version="1.0" encoding="UTF-8"?>
<!DOCTYPE plist PUBLIC "-//Apple//DTD PLIST 1.0//EN" "http://www.apple.com/DTDs/PropertyList-1.0.dtd">
<plist version="1.0">
<array>
	<dict>
		<key>conditions</key>
		<array>
			<dict>
				<key>comparison</key>
				<integer>4</integer>
				<key>key</key>
				<string>Read</string>
				<key>value</key>
				<string>1</string>
				<key>version</key>
				<string>1</string>
			</dict>
			<dict>
				<key>comparison</key>
				<integer>5</integer>
				<key>key</key>
				<string>BibTeX Type</string>
				<key>value</key>
				<string>Book</string>
				<key>version</key>
				<string>1</string>
			</dict>
		</array>
		<key>conjunction</key>
		<integer>0</integer>
		<key>group name</key>
		<string>Gelesen</string>
	</dict>
	<dict>
		<key>conditions</key>
		<array>
			<dict>
				<key>comparison</key>
				<integer>4</integer>
				<key>key</key>
				<string>Read</string>
				<key>value</key>
				<string>0</string>
				<key>version</key>
				<string>1</string>
			</dict>
		</array>
		<key>conjunction</key>
		<integer>0</integer>
		<key>group name</key>
		<string>Nicht gelesen</string>
	</dict>
</array>
</plist>
}}
