%% This BibTeX bibliography file was created using BibDesk.
%% http://bibdesk.sourceforge.net/

%% Created for Mirco at 2018-05-20 10:26:36 +0200 


%% Saved with string encoding Unicode (UTF-8) 



@book{Goodfellow-et-al-2016,
	Author = {Ian Goodfellow and Yoshua Bengio and Aaron Courville},
	Date-Added = {2018-05-19 08:52:16 +0000},
	Date-Modified = {2018-05-19 08:52:16 +0000},
	Note = {\url{http://www.deeplearningbook.org}},
	Publisher = {MIT Press},
	Title = {Deep Learning},
	Year = {2016}}

@book{breiman2017classification,
	Author = {Breiman, Leo},
	Date-Added = {2018-05-19 07:59:27 +0000},
	Date-Modified = {2018-05-19 07:59:27 +0000},
	Publisher = {Routledge},
	Title = {Classification and regression trees},
	Year = {2017}}

@article{quinlan1986induction,
	Author = {Quinlan, J. Ross},
	Date-Added = {2018-05-19 07:56:59 +0000},
	Date-Modified = {2018-05-19 07:56:59 +0000},
	Journal = {Machine learning},
	Number = {1},
	Pages = {81--106},
	Publisher = {Springer},
	Title = {Induction of decision trees},
	Volume = {1},
	Year = {1986}}

@misc{mitchell1997machine,
	Author = {Mitchell, Tom M and others},
	Date-Added = {2018-05-19 06:48:44 +0000},
	Date-Modified = {2018-05-19 06:48:44 +0000},
	Publisher = {McGraw-Hill Boston, MA:},
	Title = {Machine learning. WCB},
	Year = {1997}}

@book{friedman2001elements,
	Author = {Friedman, Jerome and Hastie, Trevor and Tibshirani, Robert},
	Date-Added = {2018-05-14 15:58:29 +0000},
	Date-Modified = {2018-05-14 16:30:00 +0000},
	Publisher = {Springer series in statistics New York},
	Title = {The Elements of Statistical Learning},
	Volume = {2},
	Year = {2009}}

@misc{chollet2015keras,
	Author = {Chollet, Fran\c{c}ois and others},
	Date-Added = {2018-04-30 08:20:41 +0000},
	Date-Modified = {2018-04-30 08:20:41 +0000},
	Howpublished = {\url{https://keras.io}},
	Title = {Keras},
	Year = {2015}}

@inproceedings{DBLP:conf/acl/ShwartzGD16,
	Author = {Vered Shwartz and Yoav Goldberg and Ido Dagan},
	Bibsource = {dblp computer science bibliography, https://dblp.org},
	Biburl = {https://dblp.org/rec/bib/conf/acl/ShwartzGD16},
	Booktitle = {Proceedings of the 54th Annual Meeting of the Association for Computational Linguistics, {ACL} 2016, August 7-12, 2016, Berlin, Germany, Volume 1: Long Papers},
	Crossref = {DBLP:conf/acl/2016-1},
	Date-Added = {2018-04-30 08:17:58 +0000},
	Date-Modified = {2018-04-30 08:17:58 +0000},
	Timestamp = {Mon, 15 Aug 2016 20:10:51 +0200},
	Title = {Improving Hypernymy Detection with an Integrated Path-based and Distributional Method},
	Url = {http://aclweb.org/anthology/P/P16/P16-1226.pdf},
	Year = {2016},
	Bdsk-Url-1 = {http://aclweb.org/anthology/P/P16/P16-1226.pdf}}

@proceedings{DBLP:conf/acl/2016-1,
	Bibsource = {dblp computer science bibliography, https://dblp.org},
	Biburl = {https://dblp.org/rec/bib/conf/acl/2016-1},
	Date-Added = {2018-04-30 08:17:58 +0000},
	Date-Modified = {2018-04-30 08:17:58 +0000},
	Isbn = {978-1-945626-00-5},
	Publisher = {The Association for Computer Linguistics},
	Timestamp = {Mon, 15 Aug 2016 15:53:28 +0200},
	Title = {Proceedings of the 54th Annual Meeting of the Association for Computational Linguistics, {ACL} 2016, August 7-12, 2016, Berlin, Germany, Volume 1: Long Papers},
	Url = {http://aclanthology.info/volumes/proceedings-of-the-54th-annual-meeting-of-the-association-for-computational-linguistics-volume-1-long-papers},
	Year = {2016},
	Bdsk-Url-1 = {http://aclanthology.info/volumes/proceedings-of-the-54th-annual-meeting-of-the-association-for-computational-linguistics-volume-1-long-papers}}

@article{hill2016learning,
	Author = {Hill, Felix and Cho, Kyunghyun and Korhonen, Anna},
	Date-Added = {2018-04-13 07:41:31 +0000},
	Date-Modified = {2018-04-13 07:41:31 +0000},
	Journal = {arXiv preprint arXiv:1602.03483},
	Title = {Learning distributed representations of sentences from unlabelled data},
	Year = {2016}}

@inproceedings{zhao2015self,
	Author = {Zhao, Han and Lu, Zhengdong and Poupart, Pascal},
	Booktitle = {IJCAI},
	Date-Added = {2018-04-13 07:22:32 +0000},
	Date-Modified = {2018-04-13 07:22:32 +0000},
	Pages = {4069--4076},
	Title = {Self-Adaptive Hierarchical Sentence Model.},
	Year = {2015}}

@article{lin2017structured,
	Author = {Lin, Zhouhan and Feng, Minwei and Santos, Cicero Nogueira dos and Yu, Mo and Xiang, Bing and Zhou, Bowen and Bengio, Yoshua},
	Date-Added = {2018-04-13 07:21:55 +0000},
	Date-Modified = {2018-04-13 07:21:55 +0000},
	Journal = {arXiv preprint arXiv:1703.03130},
	Title = {A structured self-attentive sentence embedding},
	Year = {2017}}

@article{liu2016learning,
	Author = {Liu, Yang and Sun, Chengjie and Lin, Lei and Wang, Xiaolong},
	Date-Added = {2018-04-13 07:21:10 +0000},
	Date-Modified = {2018-04-13 07:21:10 +0000},
	Journal = {arXiv preprint arXiv:1605.09090},
	Title = {Learning natural language inference using bidirectional LSTM model and inner-attention},
	Year = {2016}}

@inproceedings{collobert2008unified,
	Author = {Collobert, Ronan and Weston, Jason},
	Booktitle = {Proceedings of the 25th international conference on Machine learning},
	Date-Added = {2018-04-13 07:20:31 +0000},
	Date-Modified = {2018-04-13 07:20:31 +0000},
	Organization = {ACM},
	Pages = {160--167},
	Title = {A unified architecture for natural language processing: Deep neural networks with multitask learning},
	Year = {2008}}

@article{cho2014properties,
	Author = {Cho, Kyunghyun and Van Merri{\"e}nboer, Bart and Bahdanau, Dzmitry and Bengio, Yoshua},
	Date-Added = {2018-04-13 07:19:25 +0000},
	Date-Modified = {2018-04-13 07:19:25 +0000},
	Journal = {arXiv preprint arXiv:1409.1259},
	Title = {On the properties of neural machine translation: Encoder-decoder approaches},
	Year = {2014}}

@article{hochreiter1997long,
	Author = {Hochreiter, Sepp and Schmidhuber, J{\"u}rgen},
	Date-Added = {2018-04-13 07:18:22 +0000},
	Date-Modified = {2018-04-13 07:18:22 +0000},
	Journal = {Neural computation},
	Number = {8},
	Pages = {1735--1780},
	Publisher = {MIT Press},
	Title = {Long short-term memory},
	Volume = {9},
	Year = {1997}}

@inproceedings{snli:emnlp2015,
	Author = {Bowman, Samuel R. and Angeli, Gabor and Potts, Christopher, and Manning, Christopher D.},
	Booktitle = {Proceedings of the 2015 Conference on Empirical Methods in Natural Language Processing (EMNLP)},
	Date-Added = {2018-04-13 07:01:31 +0000},
	Date-Modified = {2018-04-13 07:01:31 +0000},
	Publisher = {Association for Computational Linguistics},
	Title = {A large annotated corpus for learning natural language inference},
	Year = {2015}}

@article{harris1954distributional,
	Author = {Harris, Zellig S},
	Date-Added = {2018-04-07 10:11:06 +0000},
	Date-Modified = {2018-04-07 10:11:06 +0000},
	Journal = {Word},
	Number = {2-3},
	Pages = {146--162},
	Publisher = {Taylor \& Francis},
	Title = {Distributional structure},
	Volume = {10},
	Year = {1954}}

@incollection{NIPS2015_5950,
	Author = {Kiros, Ryan and Zhu, Yukun and Salakhutdinov, Ruslan R and Zemel, Richard and Urtasun, Raquel and Torralba, Antonio and Fidler, Sanja},
	Booktitle = {Advances in Neural Information Processing Systems 28},
	Date-Added = {2018-04-06 11:29:11 +0000},
	Date-Modified = {2018-04-06 11:29:11 +0000},
	Editor = {C. Cortes and N. D. Lawrence and D. D. Lee and M. Sugiyama and R. Garnett},
	Pages = {3294--3302},
	Publisher = {Curran Associates, Inc.},
	Title = {Skip-Thought Vectors},
	Url = {http://papers.nips.cc/paper/5950-skip-thought-vectors.pdf},
	Year = {2015},
	Bdsk-Url-1 = {http://papers.nips.cc/paper/5950-skip-thought-vectors.pdf}}

@article{Conneau:2017aa,
	Abstract = {Many modern NLP systems rely on word embeddings, previously trained in an unsupervised manner on large corpora, as base features. Efforts to obtain embeddings for larger chunks of text, such as sentences, have however not been so successful. Several attempts at learning unsupervised representations of sentences have not reached satisfactory enough performance to be widely adopted. In this paper, we show how universal sentence representations trained using the supervised data of the Stanford Natural Language Inference datasets can consistently outperform unsupervised methods like SkipThought vectors on a wide range of transfer tasks. Much like how computer vision uses ImageNet to obtain features, which can then be transferred to other tasks, our work tends to indicate the suitability of natural language inference for transfer learning to other NLP tasks. Our encoder is publicly available.
},
	Author = {Alexis Conneau and Douwe Kiela and Holger Schwenk and Loic Barrault and Antoine Bordes},
	Date-Added = {2018-04-06 11:08:50 +0000},
	Date-Modified = {2018-04-06 11:08:50 +0000},
	Eprint = {1705.02364},
	Month = {05},
	Title = {Supervised Learning of Universal Sentence Representations from Natural Language Inference Data},
	Url = {https://arxiv.org/pdf/1705.02364},
	Year = {2017},
	Bdsk-Url-1 = {https://arxiv.org/abs/1705.02364},
	Bdsk-Url-2 = {https://arxiv.org/pdf/1705.02364}}

@article{Le:2014aa,
	Abstract = {Many machine learning algorithms require the input to be represented as a fixed-length feature vector. When it comes to texts, one of the most common fixed-length features is bag-of-words. Despite their popularity, bag-of-words features have two major weaknesses: they lose the ordering of the words and they also ignore semantics of the words. For example, "powerful," "strong" and "Paris" are equally distant. In this paper, we propose Paragraph Vector, an unsupervised algorithm that learns fixed-length feature representations from variable-length pieces of texts, such as sentences, paragraphs, and documents. Our algorithm represents each document by a dense vector which is trained to predict words in the document. Its construction gives our algorithm the potential to overcome the weaknesses of bag-of-words models. Empirical results show that Paragraph Vectors outperform bag-of-words models as well as other techniques for text representations. Finally, we achieve new state-of-the-art results on several text classification and sentiment analysis tasks.
},
	Author = {Quoc V. Le and Tomas Mikolov},
	Date-Added = {2018-04-06 10:55:06 +0000},
	Date-Modified = {2018-04-06 10:55:06 +0000},
	Eprint = {1405.4053},
	Month = {05},
	Title = {Distributed Representations of Sentences and Documents},
	Url = {https://arxiv.org/pdf/1405.4053},
	Year = {2014},
	Bdsk-Url-1 = {https://arxiv.org/abs/1405.4053},
	Bdsk-Url-2 = {https://arxiv.org/pdf/1405.4053}}

@article{Wieting:2015aa,
	Abstract = {We consider the problem of learning general-purpose, paraphrastic sentence embeddings based on supervision from the Paraphrase Database (Ganitkevitch et al., 2013). We compare six compositional architectures, evaluating them on annotated textual similarity datasets drawn both from the same distribution as the training data and from a wide range of other domains. We find that the most complex architectures, such as long short-term memory (LSTM) recurrent neural networks, perform best on the in-domain data. However, in out-of-domain scenarios, simple architectures such as word averaging vastly outperform LSTMs. Our simplest averaging model is even competitive with systems tuned for the particular tasks while also being extremely efficient and easy to use.},
	Author = {John Wieting and Mohit Bansal and Kevin Gimpel and Karen Livescu},
	Date-Added = {2018-04-06 10:01:34 +0000},
	Date-Modified = {2018-04-06 10:01:34 +0000},
	Eprint = {1511.08198},
	Month = {11},
	Title = {Towards Universal Paraphrastic Sentence Embeddings},
	Url = {https://arxiv.org/pdf/1511.08198},
	Year = {2015},
	Bdsk-Url-1 = {https://arxiv.org/abs/1511.08198},
	Bdsk-Url-2 = {https://arxiv.org/pdf/1511.08198}}

@inproceedings{pennington2014glove,
	Author = {Pennington, Jeffrey and Socher, Richard and Manning, Christopher},
	Booktitle = {Proceedings of the 2014 conference on empirical methods in natural language processing (EMNLP)},
	Date-Added = {2018-04-06 09:52:50 +0000},
	Date-Modified = {2018-04-06 09:52:50 +0000},
	Pages = {1532--1543},
	Title = {Glove: Global vectors for word representation},
	Year = {2014}}

@article{DBLP:journals/corr/BoomCDD16,
	Archiveprefix = {arXiv},
	Author = {Cedric De Boom and Steven Van Canneyt and Thomas Demeester and Bart Dhoedt},
	Bibsource = {dblp computer science bibliography, https://dblp.org},
	Biburl = {https://dblp.org/rec/bib/journals/corr/BoomCDD16},
	Date-Added = {2018-04-06 08:39:20 +0000},
	Date-Modified = {2018-04-06 08:39:20 +0000},
	Eprint = {1607.00570},
	Journal = {CoRR},
	Timestamp = {Wed, 07 Jun 2017 14:40:55 +0200},
	Title = {Representation learning for very short texts using weighted word embedding aggregation},
	Url = {http://arxiv.org/abs/1607.00570},
	Volume = {abs/1607.00570},
	Year = {2016},
	Bdsk-Url-1 = {http://arxiv.org/abs/1607.00570}}

@article{bengio2003neural,
	Author = {Bengio, Yoshua and Ducharme, R{\'e}jean and Vincent, Pascal and Jauvin, Christian},
	Date-Added = {2018-04-06 08:22:25 +0000},
	Date-Modified = {2018-04-06 08:22:25 +0000},
	Journal = {Journal of machine learning research},
	Number = {Feb},
	Pages = {1137--1155},
	Title = {A neural probabilistic language model},
	Volume = {3},
	Year = {2003},
	Bdsk-Url-1 = {http://www.jmlr.org/papers/volume3/bengio03a/bengio03a.pdf}}

@article{DBLP:journals/corr/ChenG16,
	Archiveprefix = {arXiv},
	Author = {Tianqi Chen and Carlos Guestrin},
	Bibsource = {dblp computer science bibliography, https://dblp.org},
	Biburl = {https://dblp.org/rec/bib/journals/corr/ChenG16},
	Date-Added = {2018-03-31 13:24:21 +0000},
	Date-Modified = {2018-03-31 13:24:21 +0000},
	Eprint = {1603.02754},
	Journal = {CoRR},
	Timestamp = {Wed, 07 Jun 2017 14:42:25 +0200},
	Title = {XGBoost: {A} Scalable Tree Boosting System},
	Url = {http://arxiv.org/abs/1603.02754},
	Volume = {abs/1603.02754},
	Year = {2016},
	Bdsk-Url-1 = {http://arxiv.org/abs/1603.02754}}

@incollection{NIPS2013_5021,
	Author = {Mikolov, Tomas and Sutskever, Ilya and Chen, Kai and Corrado, Greg S and Dean, Jeff},
	Booktitle = {Advances in Neural Information Processing Systems 26},
	Date-Added = {2018-03-31 10:39:24 +0000},
	Date-Modified = {2018-03-31 10:39:24 +0000},
	Editor = {C. J. C. Burges and L. Bottou and M. Welling and Z. Ghahramani and K. Q. Weinberger},
	Pages = {3111--3119},
	Publisher = {Curran Associates, Inc.},
	Title = {Distributed Representations of Words and Phrases and their Compositionality},
	Url = {http://papers.nips.cc/paper/5021-distributed-representations-of-words-and-phrases-and-their-compositionality.pdf},
	Year = {2013},
	Bdsk-Url-1 = {http://papers.nips.cc/paper/5021-distributed-representations-of-words-and-phrases-and-their-compositionality.pdf}}

@book{martin2009speech,
	Author = {Martin, James H and Jurafsky, Daniel},
	Date-Added = {2018-03-31 08:41:10 +0000},
	Date-Modified = {2018-03-31 08:41:10 +0000},
	Publisher = {Pearson/Prentice Hall},
	Title = {Speech and language processing: An introduction to natural language processing, computational linguistics, and speech recognition},
	Year = {2009}}

@article{DBLP:journals/corr/ShwartzD16,
	Archiveprefix = {arXiv},
	Author = {Vered Shwartz and Ido Dagan},
	Bibsource = {dblp computer science bibliography, https://dblp.org},
	Biburl = {https://dblp.org/rec/bib/journals/corr/ShwartzD16},
	Date-Added = {2018-03-19 17:53:56 +0000},
	Date-Modified = {2018-03-19 17:53:56 +0000},
	Eprint = {1608.05014},
	Journal = {CoRR},
	Timestamp = {Wed, 07 Jun 2017 14:42:55 +0200},
	Title = {The Roles of Path-based and Distributional Information in Recognizing Lexical Semantic Relations},
	Url = {http://arxiv.org/abs/1608.05014},
	Volume = {abs/1608.05014},
	Year = {2016},
	Bdsk-Url-1 = {http://arxiv.org/abs/1608.05014}}

@article{cavnar1994n,
	Author = {Cavnar, William B and Trenkle, John M and others},
	Date-Added = {2018-03-04 13:05:42 +0000},
	Date-Modified = {2018-03-04 13:05:42 +0000},
	Journal = {Ann arbor mi},
	Number = {2},
	Pages = {161--175},
	Publisher = {Citeseer},
	Title = {N-gram-based text categorization},
	Volume = {48113},
	Year = {1994}}

@article{Chen:2016aa,
	Abstract = {Tree boosting is a highly effective and widely used machine learning method. In this paper, we describe a scalable end-to-end tree boosting system called XGBoost, which is used widely by data scientists to achieve state-of-the-art results on many machine learning challenges. We propose a novel sparsity-aware algorithm for sparse data and weighted quantile sketch for approximate tree learning. More importantly, we provide insights on cache access patterns, data compression and sharding to build a scalable tree boosting system. By combining these insights, XGBoost scales beyond billions of examples using far fewer resources than existing systems.},
	Author = {Tianqi Chen and Carlos Guestrin},
	Date-Added = {2018-03-02 10:24:23 +0000},
	Date-Modified = {2018-03-02 10:24:23 +0000},
	Eprint = {1603.02754},
	Month = {03},
	Title = {XGBoost: A Scalable Tree Boosting System},
	Url = {https://arxiv.org/abs/1603.02754},
	Year = {2016},
	Bdsk-Url-1 = {https://arxiv.org/abs/1603.02754}}

@article{scikit-learn,
	Author = {Pedregosa, F. and Varoquaux, G. and Gramfort, A. and Michel, V. and Thirion, B. and Grisel, O. and Blondel, M. and Prettenhofer, P. and Weiss, R. and Dubourg, V. and Vanderplas, J. and Passos, A. and Cournapeau, D. and Brucher, M. and Perrot, M. and Duchesnay, E.},
	Date-Added = {2018-01-14 12:11:23 +0000},
	Date-Modified = {2018-01-14 12:11:23 +0000},
	Journal = {Journal of Machine Learning Research},
	Pages = {2825--2830},
	Title = {Scikit-learn: Machine Learning in {P}ython},
	Volume = {12},
	Year = {2011}}

@article{Panchenko:2017aa,
	Author = {Alexander Panchenko and Eugen Ruppert and Stefano Faralli and Simone Paolo Ponzetto and Chris Biemann},
	Date-Added = {2018-01-06 16:16:30 +0000},
	Date-Modified = {2018-01-06 16:16:30 +0000},
	Eprint = {1710.01779},
	Month = {10},
	Title = {Building a Web-Scale Dependency-Parsed Corpus from CommonCrawl},
	Url = {https://arxiv.org/abs/1710.01779},
	Year = {2017},
	Bdsk-Url-1 = {https://arxiv.org/abs/1710.01779},
	Bdsk-Url-2 = {https://arxiv.org/pdf/1710.01779.pdf}}

@inproceedings{jindal2006mining,
	Author = {Jindal, Nitin and Liu, Bing},
	Booktitle = {AAAI},
	Date-Added = {2017-12-18 11:20:53 +0000},
	Date-Modified = {2017-12-18 12:54:03 +0000},
	Keywords = {Gedruckt},
	Pages = {1331--1336},
	Title = {Mining comparative sentences and relations},
	Volume = {22},
	Year = {2006},
	Bdsk-File-1 = {YnBsaXN0MDDUAQIDBAUGJCVYJHZlcnNpb25YJG9iamVjdHNZJGFyY2hpdmVyVCR0b3ASAAGGoKgHCBMUFRYaIVUkbnVsbNMJCgsMDxJXTlMua2V5c1pOUy5vYmplY3RzViRjbGFzc6INDoACgAOiEBGABIAFgAdccmVsYXRpdmVQYXRoWWFsaWFzRGF0YV8QQS4uLy4uL1BhcGVyL0ppbmRhbC9NaW5pbmcgY29tcGFyYXRpdmUgc2VudGVuY2VzIGFuZCByZWxhdGlvbnMucGRm0hcLGBlXTlMuZGF0YU8RAgoAAAAAAgoAAgAADE1hY2ludG9zaCBIRAAAAAAAAAAAAAAAAAAAANI9nrlIKwAAAcT02B9NaW5pbmcgY29tcGFyYXRpdmUgIzFDNEY0RDYucGRmAAAAAAAAAAAAAAAAAAAAAAAAAAAAAAAAAAAAAAAAAAABxPTW1l1kMwAAAAAAAAAAAAIAAwAACSAAAAAAAAAAAAAAAAAAAAAGSmluZGFsABAACAAA0j2CmQAAABEACAAA1l1WIwAAAAEAFAHE9NgBngOsABFQZQAQ2UMAENlBAAIAUk1hY2ludG9zaCBIRDpVc2VyczoAbWlyY286AERlc2t0b3A6AFBhcGVyOgBKaW5kYWw6AE1pbmluZyBjb21wYXJhdGl2ZSAjMUM0RjRENi5wZGYADgBeAC4ATQBpAG4AaQBuAGcAIABjAG8AbQBwAGEAcgBhAHQAaQB2AGUAIABzAGUAbgB0AGUAbgBjAGUAcwAgAGEAbgBkACAAcgBlAGwAYQB0AGkAbwBuAHMALgBwAGQAZgAPABoADABNAGEAYwBpAG4AdABvAHMAaAAgAEgARAASAE9Vc2Vycy9taXJjby9EZXNrdG9wL1BhcGVyL0ppbmRhbC9NaW5pbmcgY29tcGFyYXRpdmUgc2VudGVuY2VzIGFuZCByZWxhdGlvbnMucGRmAAATAAEvAAAVAAIADP//AACABtIbHB0eWiRjbGFzc25hbWVYJGNsYXNzZXNdTlNNdXRhYmxlRGF0YaMdHyBWTlNEYXRhWE5TT2JqZWN00hscIiNcTlNEaWN0aW9uYXJ5oiIgXxAPTlNLZXllZEFyY2hpdmVy0SYnVHJvb3SAAQAIABEAGgAjAC0AMgA3AEAARgBNAFUAYABnAGoAbABuAHEAcwB1AHcAhACOANIA1wDfAu0C7wL0Av8DCAMWAxoDIQMqAy8DPAM/A1EDVANZAAAAAAAAAgEAAAAAAAAAKAAAAAAAAAAAAAAAAAAAA1s=}}

@inproceedings{fiszman2007interpreting,
	Author = {Fiszman, Marcelo and Demner-Fushman, Dina and Lang, Francois M and Goetz, Philip and Rindflesch, Thomas C},
	Booktitle = {Proceedings of the Workshop on BioNLP 2007: Biological, Translational, and Clinical Language Processing},
	Date-Added = {2017-12-18 11:20:13 +0000},
	Date-Modified = {2017-12-18 12:54:03 +0000},
	Keywords = {Gedruckt},
	Organization = {Association for Computational Linguistics},
	Pages = {137--144},
	Title = {Interpreting comparative constructions in biomedical text},
	Year = {2007},
	Bdsk-File-1 = {YnBsaXN0MDDUAQIDBAUGJCVYJHZlcnNpb25YJG9iamVjdHNZJGFyY2hpdmVyVCR0b3ASAAGGoKgHCBMUFRYaIVUkbnVsbNMJCgsMDxJXTlMua2V5c1pOUy5vYmplY3RzViRjbGFzc6INDoACgAOiEBGABIAFgAdccmVsYXRpdmVQYXRoWWFsaWFzRGF0YV8QIy4uLy4uLy4uL0Rvd25sb2Fkcy9wMTM3LWZpc3ptYW4ucGRm0hcLGBlXTlMuZGF0YU8RATwAAAAAATwAAgAAA09TWAAAAAAAAAAAAAAAAAAAAAAAAAAAAAAAAAAAAABCRAAB/////xBwMTM3LWZpc3ptYW4ucGRmAAAAAAAAAAAAAAAAAAAAAAAAAAAAAAAAAAAAAAAAAAAAAAAAAAAAAAAAAAAAAAD/////AAAAAAAAAAAAAAAAAAMAAgAACiBjdQAAAAAAAAAAAAAAAAAJRG93bmxvYWRzAAACACgvOlVzZXJzOm1pcmNvOkRvd25sb2FkczpwMTM3LWZpc3ptYW4ucGRmAA4AIgAQAHAAMQAzADcALQBmAGkAcwB6AG0AYQBuAC4AcABkAGYADwAIAAMATwBTAFgAEgAmVXNlcnMvbWlyY28vRG93bmxvYWRzL3AxMzctZmlzem1hbi5wZGYAEwABLwAAFQACAAz//wAAgAbSGxwdHlokY2xhc3NuYW1lWCRjbGFzc2VzXU5TTXV0YWJsZURhdGGjHR8gVk5TRGF0YVhOU09iamVjdNIbHCIjXE5TRGljdGlvbmFyeaIiIF8QD05TS2V5ZWRBcmNoaXZlctEmJ1Ryb290gAEACAARABoAIwAtADIANwBAAEYATQBVAGAAZwBqAGwAbgBxAHMAdQB3AIQAjgC0ALkAwQIBAgMCCAITAhwCKgIuAjUCPgJDAlACUwJlAmgCbQAAAAAAAAIBAAAAAAAAACgAAAAAAAAAAAAAAAAAAAJv}}

@inproceedings{park2012identifying,
	Author = {Park, Dae Hoon and Blake, Catherine},
	Booktitle = {Proceedings of the Workshop on Detecting Structure in Scholarly Discourse},
	Date-Added = {2017-12-18 11:19:21 +0000},
	Date-Modified = {2017-12-18 12:54:03 +0000},
	Keywords = {Gedruckt},
	Organization = {Association for Computational Linguistics},
	Pages = {1--9},
	Title = {Identifying comparative claim sentences in full-text scientific articles},
	Year = {2012},
	Bdsk-File-1 = {YnBsaXN0MDDUAQIDBAUGJCVYJHZlcnNpb25YJG9iamVjdHNZJGFyY2hpdmVyVCR0b3ASAAGGoKgHCBMUFRYaIVUkbnVsbNMJCgsMDxJXTlMua2V5c1pOUy5vYmplY3RzViRjbGFzc6INDoACgAOiEBGABIAFgAdccmVsYXRpdmVQYXRoWWFsaWFzRGF0YV8QSS4uLy4uL1BhcGVyL1BhcmsvSWRlbnRpZnlpbmcgY29tcGFyYXRpdmUgY2xhaW0gc2VudGVuY2VzIGluIGZ1bGwtdGV4dC5wZGbSFwsYGVdOUy5kYXRhTxECIgAAAAACIgACAAAMTWFjaW50b3NoIEhEAAAAAAAAAAAAAAAAAAAA0j2euUgrAAABnjI0H0lkZW50aWZ5aW5nIGNvbXBhcmEjMUM0RjQxOS5wZGYAAAAAAAAAAAAAAAAAAAAAAAAAAAAAAAAAAAAAAAAAAAHE9BnWXWPlAAAAAAAAAAAAAgADAAAJIAAAAAAAAAAAAAAAAAAAAARQYXJrABAACAAA0j2CmQAAABEACAAA1l1V1QAAAAEAFAGeMjQBngOsABFQZQAQ2UMAENlBAAIAUE1hY2ludG9zaCBIRDpVc2VyczoAbWlyY286AERlc2t0b3A6AFBhcGVyOgBQYXJrOgBJZGVudGlmeWluZyBjb21wYXJhIzFDNEY0MTkucGRmAA4AcgA4AEkAZABlAG4AdABpAGYAeQBpAG4AZwAgAGMAbwBtAHAAYQByAGEAdABpAHYAZQAgAGMAbABhAGkAbQAgAHMAZQBuAHQAZQBuAGMAZQBzACAAaQBuACAAZgB1AGwAbAAtAHQAZQB4AHQALgBwAGQAZgAPABoADABNAGEAYwBpAG4AdABvAHMAaAAgAEgARAASAFdVc2Vycy9taXJjby9EZXNrdG9wL1BhcGVyL1BhcmsvSWRlbnRpZnlpbmcgY29tcGFyYXRpdmUgY2xhaW0gc2VudGVuY2VzIGluIGZ1bGwtdGV4dC5wZGYAABMAAS8AABUAAgAM//8AAIAG0hscHR5aJGNsYXNzbmFtZVgkY2xhc3Nlc11OU011dGFibGVEYXRhox0fIFZOU0RhdGFYTlNPYmplY3TSGxwiI1xOU0RpY3Rpb25hcnmiIiBfEA9OU0tleWVkQXJjaGl2ZXLRJidUcm9vdIABAAgAEQAaACMALQAyADcAQABGAE0AVQBgAGcAagBsAG4AcQBzAHUAdwCEAI4A2gDfAOcDDQMPAxQDHwMoAzYDOgNBA0oDTwNcA18DcQN0A3kAAAAAAAACAQAAAAAAAAAoAAAAAAAAAAAAAAAAAAADew==}}

@inproceedings{bosc2016tweeties,
	Author = {Bosc, Tom and Cabrio, Elena and Villata, Serena},
	Booktitle = {COMMA},
	Date-Added = {2017-12-18 11:18:01 +0000},
	Date-Modified = {2017-12-18 12:54:03 +0000},
	Keywords = {Gedruckt},
	Pages = {21--32},
	Title = {Tweeties Squabbling: Positive and Negative Results in Applying Argument Mining on Social Media.},
	Year = {2016}}

@article{addawood2016your,
	Author = {Addawood, Aseel A and Bashir, Masooda N},
	Date-Added = {2017-12-18 11:16:50 +0000},
	Date-Modified = {2017-12-18 12:54:03 +0000},
	Journal = {ACL 2016},
	Keywords = {Gedruckt},
	Pages = {1},
	Title = {``What is Your Evidence?'' A Study of Controversial Topics on Social Media},
	Year = {2016},
	Bdsk-File-1 = {YnBsaXN0MDDUAQIDBAUGJCVYJHZlcnNpb25YJG9iamVjdHNZJGFyY2hpdmVyVCR0b3ASAAGGoKgHCBMUFRYaIVUkbnVsbNMJCgsMDxJXTlMua2V5c1pOUy5vYmplY3RzViRjbGFzc6INDoACgAOiEBGABIAFgAdccmVsYXRpdmVQYXRoWWFsaWFzRGF0YW8QSgAuAC4ALwAuAC4ALwBQAGEAcABlAHIALwBBAGQAZABhAHcAbwBvAGQALyAcAFcAaABhAHQAIABpAHMAIABZAG8AdQByACAARQB2AGkAZABlAG4AYwBlAD8gHQAgAEEAIABTAHQAdQBkAHkAIABvAGYAIABDAG8AbgB0AHIAbwB2AGUAcgBzAGkAYQBsAC4AcABkAGbSFwsYGVdOUy5kYXRhTxECKAAAAAACKAACAAAMTWFjaW50b3NoIEhEAAAAAAAAAAAAAAAAAAAA0j2euUgrAAABxPNdH9JXaGF0IGlzIFlvdXIgRXZpZGUjMUM0RjM1My5wZGYAAAAAAAAAAAAAAAAAAAAAAAAAAAAAAAAAAAAAAAAAAAHE81PWXWN8AAAAAAAAAAAAAgADAAAJIAAAAAAAAAAAAAAAAAAAAAhBZGRhd29vZAAQAAgAANI9gpkAAAARAAgAANZdVWwAAAABABQBxPNdAZ4DrAARUGUAENlDABDZQQACAFRNYWNpbnRvc2ggSEQ6VXNlcnM6AG1pcmNvOgBEZXNrdG9wOgBQYXBlcjoAQWRkYXdvb2Q6ANJXaGF0IGlzIFlvdXIgRXZpZGUjMUM0RjM1My5wZGYADgBsADUgHABXAGgAYQB0ACAAaQBzACAAWQBvAHUAcgAgAEUAdgBpAGQAZQBuAGMAZQA/IB0AIABBACAAUwB0AHUAZAB5ACAAbwBmACAAQwBvAG4AdAByAG8AdgBlAHIAcwBpAGEAbAAuAHAAZABmAA8AGgAMAE0AYQBjAGkAbgB0AG8AcwBoACAASABEABIAXFVzZXJzL21pcmNvL0Rlc2t0b3AvUGFwZXIvQWRkYXdvb2Qv4oCcV2hhdCBpcyBZb3VyIEV2aWRlbmNlP+KAnSBBIFN0dWR5IG9mIENvbnRyb3ZlcnNpYWwucGRmABMAAS8AABUAAgAM//8AAIAG0hscHR5aJGNsYXNzbmFtZVgkY2xhc3Nlc11OU011dGFibGVEYXRhox0fIFZOU0RhdGFYTlNPYmplY3TSGxwiI1xOU0RpY3Rpb25hcnmiIiBfEA9OU0tleWVkQXJjaGl2ZXLRJidUcm9vdIABAAgAEQAaACMALQAyADcAQABGAE0AVQBgAGcAagBsAG4AcQBzAHUAdwCEAI4BJQEqATIDXgNgA2UDcAN5A4cDiwOSA5sDoAOtA7ADwgPFA8oAAAAAAAACAQAAAAAAAAAoAAAAAAAAAAAAAAAAAAADzA==}}

@article{petasis2016identifying,
	Author = {Petasis, Georgios and Karkaletsis, Vangelis},
	Date-Added = {2017-12-11 15:18:06 +0000},
	Date-Modified = {2017-12-11 15:18:06 +0000},
	Journal = {ACL 2016},
	Pages = {94},
	Title = {Identifying argument components through TextRank},
	Year = {2016},
	Bdsk-File-1 = {YnBsaXN0MDDUAQIDBAUGJCVYJHZlcnNpb25YJG9iamVjdHNZJGFyY2hpdmVyVCR0b3ASAAGGoKgHCBMUFRYaIVUkbnVsbNMJCgsMDxJXTlMua2V5c1pOUy5vYmplY3RzViRjbGFzc6INDoACgAOiEBGABIAFgAdccmVsYXRpdmVQYXRoWWFsaWFzRGF0YV8QSC4uLy4uL1BhcGVyL1BldGFzaXMvSWRlbnRpZnlpbmcgYXJndW1lbnQgY29tcG9uZW50cyB0aHJvdWdoIFRleHRSYW5rLnBkZtIXCxgZV05TLmRhdGFPEQIgAAAAAAIgAAIAAAxNYWNpbnRvc2ggSEQAAAAAAAAAAAAAAAAAAADSPZ65SCsAAAHAhI8fSWRlbnRpZnlpbmcgYXJndW1lbiMxQzA4NDg4LnBkZgAAAAAAAAAAAAAAAAAAAAAAAAAAAAAAAAAAAAAAAAAAAcCEiNZW6lEAAAAAAAAAAAACAAMAAAkgAAAAAAAAAAAAAAAAAAAAB1BldGFzaXMAABAACAAA0j2CmQAAABEACAAA1lbcQQAAAAEAFAHAhI8BngOsABFQZQAQ2UMAENlBAAIAU01hY2ludG9zaCBIRDpVc2VyczoAbWlyY286AERlc2t0b3A6AFBhcGVyOgBQZXRhc2lzOgBJZGVudGlmeWluZyBhcmd1bWVuIzFDMDg0ODgucGRmAAAOAGoANABJAGQAZQBuAHQAaQBmAHkAaQBuAGcAIABhAHIAZwB1AG0AZQBuAHQAIABjAG8AbQBwAG8AbgBlAG4AdABzACAAdABoAHIAbwB1AGcAaAAgAFQAZQB4AHQAUgBhAG4AawAuAHAAZABmAA8AGgAMAE0AYQBjAGkAbgB0AG8AcwBoACAASABEABIAVlVzZXJzL21pcmNvL0Rlc2t0b3AvUGFwZXIvUGV0YXNpcy9JZGVudGlmeWluZyBhcmd1bWVudCBjb21wb25lbnRzIHRocm91Z2ggVGV4dFJhbmsucGRmABMAAS8AABUAAgAM//8AAIAG0hscHR5aJGNsYXNzbmFtZVgkY2xhc3Nlc11OU011dGFibGVEYXRhox0fIFZOU0RhdGFYTlNPYmplY3TSGxwiI1xOU0RpY3Rpb25hcnmiIiBfEA9OU0tleWVkQXJjaGl2ZXLRJidUcm9vdIABAAgAEQAaACMALQAyADcAQABGAE0AVQBgAGcAagBsAG4AcQBzAHUAdwCEAI4A2QDeAOYDCgMMAxEDHAMlAzMDNwM+A0cDTANZA1wDbgNxA3YAAAAAAAACAQAAAAAAAAAoAAAAAAAAAAAAAAAAAAADeA==}}

@inproceedings{becker2016argumentative,
	Author = {Becker, Maria and Palmer, Alexis and Frank, Anette},
	Booktitle = {Proceedings of the 3rd Workshop on Argument Mining},
	Date-Added = {2017-12-11 15:17:36 +0000},
	Date-Modified = {2017-12-11 15:17:36 +0000},
	Pages = {21--30},
	Title = {Argumentative texts and clause types},
	Year = {2016},
	Bdsk-File-1 = {YnBsaXN0MDDUAQIDBAUGJCVYJHZlcnNpb25YJG9iamVjdHNZJGFyY2hpdmVyVCR0b3ASAAGGoKgHCBMUFRYaIVUkbnVsbNMJCgsMDxJXTlMua2V5c1pOUy5vYmplY3RzViRjbGFzc6INDoACgAOiEBGABIAFgAdccmVsYXRpdmVQYXRoWWFsaWFzRGF0YV8QOy4uLy4uL1BhcGVyL0JlY2tlci9Bcmd1bWVudGF0aXZlIHRleHRzIGFuZCBjbGF1c2UgdHlwZXMucGRm0hcLGBlXTlMuZGF0YU8RAfgAAAAAAfgAAgAADE1hY2ludG9zaCBIRAAAAAAAAAAAAAAAAAAAANI9nrlIKwAAAcCEwx9Bcmd1bWVudGF0aXZlIHRleHRzIzFDMDg0QjgucGRmAAAAAAAAAAAAAAAAAAAAAAAAAAAAAAAAAAAAAAAAAAABwIS41lbqYQAAAAAAAAAAAAIAAwAACSAAAAAAAAAAAAAAAAAAAAAGQmVja2VyABAACAAA0j2CmQAAABEACAAA1lbcUQAAAAEAFAHAhMMBngOsABFQZQAQ2UMAENlBAAIAUk1hY2ludG9zaCBIRDpVc2VyczoAbWlyY286AERlc2t0b3A6AFBhcGVyOgBCZWNrZXI6AEFyZ3VtZW50YXRpdmUgdGV4dHMjMUMwODRCOC5wZGYADgBSACgAQQByAGcAdQBtAGUAbgB0AGEAdABpAHYAZQAgAHQAZQB4AHQAcwAgAGEAbgBkACAAYwBsAGEAdQBzAGUAIAB0AHkAcABlAHMALgBwAGQAZgAPABoADABNAGEAYwBpAG4AdABvAHMAaAAgAEgARAASAElVc2Vycy9taXJjby9EZXNrdG9wL1BhcGVyL0JlY2tlci9Bcmd1bWVudGF0aXZlIHRleHRzIGFuZCBjbGF1c2UgdHlwZXMucGRmAAATAAEvAAAVAAIADP//AACABtIbHB0eWiRjbGFzc25hbWVYJGNsYXNzZXNdTlNNdXRhYmxlRGF0YaMdHyBWTlNEYXRhWE5TT2JqZWN00hscIiNcTlNEaWN0aW9uYXJ5oiIgXxAPTlNLZXllZEFyY2hpdmVy0SYnVHJvb3SAAQAIABEAGgAjAC0AMgA3AEAARgBNAFUAYABnAGoAbABuAHEAcwB1AHcAhACOAMwA0QDZAtUC1wLcAucC8AL+AwIDCQMSAxcDJAMnAzkDPANBAAAAAAAAAgEAAAAAAAAAKAAAAAAAAAAAAAAAAAAAA0M=}}

@inproceedings{bar2017improving,
	Author = {Bar-Haim, Roy and Edelstein, Lilach and Jochim, Charles and Slonim, Noam},
	Booktitle = {Proceedings of the 4th Workshop on Argument Mining},
	Date-Added = {2017-12-11 15:16:10 +0000},
	Date-Modified = {2017-12-13 13:36:33 +0000},
	Keywords = {Features},
	Pages = {32--38},
	Title = {Improving claim stance classification with lexical knowledge expansion and context utilization},
	Year = {2017},
	Bdsk-File-1 = {YnBsaXN0MDDUAQIDBAUGJCVYJHZlcnNpb25YJG9iamVjdHNZJGFyY2hpdmVyVCR0b3ASAAGGoKgHCBMUFRYaIVUkbnVsbNMJCgsMDxJXTlMua2V5c1pOUy5vYmplY3RzViRjbGFzc6INDoACgAOiEBGABIAFgAdccmVsYXRpdmVQYXRoWWFsaWFzRGF0YV8QQy4uLy4uL1BhcGVyL0Jhci1IYWltL0ltcHJvdmluZyBjbGFpbSBzdGFuY2UgY2xhc3NpZmljYXRpb24gd2l0aC5wZGbSFwsYGVdOUy5kYXRhTxECEAAAAAACEAACAAAMTWFjaW50b3NoIEhEAAAAAAAAAAAAAAAAAAAA0j2euUgrAAABwINkH0ltcHJvdmluZyBjbGFpbSBzdGEjMUMwODM2MS5wZGYAAAAAAAAAAAAAAAAAAAAAAAAAAAAAAAAAAAAAAAAAAAHAg2HWVumeAAAAAAAAAAAAAgADAAAJIAAAAAAAAAAAAAAAAAAAAAhCYXItSGFpbQAQAAgAANI9gpkAAAARAAgAANZW244AAAABABQBwINkAZ4DrAARUGUAENlDABDZQQACAFRNYWNpbnRvc2ggSEQ6VXNlcnM6AG1pcmNvOgBEZXNrdG9wOgBQYXBlcjoAQmFyLUhhaW06AEltcHJvdmluZyBjbGFpbSBzdGEjMUMwODM2MS5wZGYADgBeAC4ASQBtAHAAcgBvAHYAaQBuAGcAIABjAGwAYQBpAG0AIABzAHQAYQBuAGMAZQAgAGMAbABhAHMAcwBpAGYAaQBjAGEAdABpAG8AbgAgAHcAaQB0AGgALgBwAGQAZgAPABoADABNAGEAYwBpAG4AdABvAHMAaAAgAEgARAASAFFVc2Vycy9taXJjby9EZXNrdG9wL1BhcGVyL0Jhci1IYWltL0ltcHJvdmluZyBjbGFpbSBzdGFuY2UgY2xhc3NpZmljYXRpb24gd2l0aC5wZGYAABMAAS8AABUAAgAM//8AAIAG0hscHR5aJGNsYXNzbmFtZVgkY2xhc3Nlc11OU011dGFibGVEYXRhox0fIFZOU0RhdGFYTlNPYmplY3TSGxwiI1xOU0RpY3Rpb25hcnmiIiBfEA9OU0tleWVkQXJjaGl2ZXLRJidUcm9vdIABAAgAEQAaACMALQAyADcAQABGAE0AVQBgAGcAagBsAG4AcQBzAHUAdwCEAI4A1ADZAOEC9QL3AvwDBwMQAx4DIgMpAzIDNwNEA0cDWQNcA2EAAAAAAAACAQAAAAAAAAAoAAAAAAAAAAAAAAAAAAADYw==}}

@inproceedings{saint2017using,
	Author = {Saint-Dizier, Patrick},
	Booktitle = {Proceedings of the 4th Workshop on Argument Mining},
	Date-Added = {2017-12-11 15:15:11 +0000},
	Date-Modified = {2017-12-11 15:15:11 +0000},
	Pages = {85--90},
	Title = {Using Question-Answering Techniques to Implement a Knowledge-Driven Argument Mining Approach},
	Year = {2017},
	Bdsk-File-1 = {YnBsaXN0MDDUAQIDBAUGJCVYJHZlcnNpb25YJG9iamVjdHNZJGFyY2hpdmVyVCR0b3ASAAGGoKgHCBMUFRYaIVUkbnVsbNMJCgsMDxJXTlMua2V5c1pOUy5vYmplY3RzViRjbGFzc6INDoACgAOiEBGABIAFgAdccmVsYXRpdmVQYXRoWWFsaWFzRGF0YV8QYC4uLy4uL1BhcGVyL1NhaW50LURpemllci9Vc2luZyBRdWVzdGlvbi1BbnN3ZXJpbmcgVGVjaG5pcXVlcyB0byBJbXBsZW1lbnQgYSBLbm93bGVkZ2UtRHJpdmVuLnBkZtIXCxgZV05TLmRhdGFPEQJmAAAAAAJmAAIAAAxNYWNpbnRvc2ggSEQAAAAAAAAAAAAAAAAAAADSPZ65SCsAAAHAg5UfVXNpbmcgUXVlc3Rpb24tQW5zdyMxQzA4MzhGLnBkZgAAAAAAAAAAAAAAAAAAAAAAAAAAAAAAAAAAAAAAAAAAAcCDj9ZW6dUAAAAAAAAAAAACAAMAAAkgAAAAAAAAAAAAAAAAAAAADFNhaW50LURpemllcgAQAAgAANI9gpkAAAARAAgAANZW28UAAAABABQBwIOVAZ4DrAARUGUAENlDABDZQQACAFhNYWNpbnRvc2ggSEQ6VXNlcnM6AG1pcmNvOgBEZXNrdG9wOgBQYXBlcjoAU2FpbnQtRGl6aWVyOgBVc2luZyBRdWVzdGlvbi1BbnN3IzFDMDgzOEYucGRmAA4AkABHAFUAcwBpAG4AZwAgAFEAdQBlAHMAdABpAG8AbgAtAEEAbgBzAHcAZQByAGkAbgBnACAAVABlAGMAaABuAGkAcQB1AGUAcwAgAHQAbwAgAEkAbQBwAGwAZQBtAGUAbgB0ACAAYQAgAEsAbgBvAHcAbABlAGQAZwBlAC0ARAByAGkAdgBlAG4ALgBwAGQAZgAPABoADABNAGEAYwBpAG4AdABvAHMAaAAgAEgARAASAG5Vc2Vycy9taXJjby9EZXNrdG9wL1BhcGVyL1NhaW50LURpemllci9Vc2luZyBRdWVzdGlvbi1BbnN3ZXJpbmcgVGVjaG5pcXVlcyB0byBJbXBsZW1lbnQgYSBLbm93bGVkZ2UtRHJpdmVuLnBkZgATAAEvAAAVAAIADP//AACABtIbHB0eWiRjbGFzc25hbWVYJGNsYXNzZXNdTlNNdXRhYmxlRGF0YaMdHyBWTlNEYXRhWE5TT2JqZWN00hscIiNcTlNEaWN0aW9uYXJ5oiIgXxAPTlNLZXllZEFyY2hpdmVy0SYnVHJvb3SAAQAIABEAGgAjAC0AMgA3AEAARgBNAFUAYABnAGoAbABuAHEAcwB1AHcAhACOAPEA9gD+A2gDagNvA3oDgwORA5UDnAOlA6oDtwO6A8wDzwPUAAAAAAAAAgEAAAAAAAAAKAAAAAAAAAAAAAAAAAAAA9Y=}}

@inproceedings{lawrence2017mining,
	Author = {Lawrence, John and Reed, Chris},
	Booktitle = {Proceedings of the 4th Workshop on Argument Mining},
	Date-Added = {2017-12-11 15:14:29 +0000},
	Date-Modified = {2017-12-13 13:36:12 +0000},
	Keywords = {Features},
	Pages = {39--48},
	Title = {Mining Argumentative Structure from Natural Language text using Automatically Generated Premise-Conclusion Topic Models},
	Year = {2017},
	Bdsk-File-1 = {YnBsaXN0MDDUAQIDBAUGJCVYJHZlcnNpb25YJG9iamVjdHNZJGFyY2hpdmVyVCR0b3ASAAGGoKgHCBMUFRYaIVUkbnVsbNMJCgsMDxJXTlMua2V5c1pOUy5vYmplY3RzViRjbGFzc6INDoACgAOiEBGABIAFgAdccmVsYXRpdmVQYXRoWWFsaWFzRGF0YV8QRC4uLy4uL1BhcGVyL0xhd3JlbmNlL01pbmluZyBBcmd1bWVudGF0aXZlIFN0cnVjdHVyZSBmcm9tIE5hdHVyYWwucGRm0hcLGBlXTlMuZGF0YU8RAhIAAAAAAhIAAgAADE1hY2ludG9zaCBIRAAAAAAAAAAAAAAAAAAAANI9nrlIKwAAAcCDyh9NaW5pbmcgQXJndW1lbnRhdGl2IzFDMDgzQkMucGRmAAAAAAAAAAAAAAAAAAAAAAAAAAAAAAAAAAAAAAAAAAABwIO81lbp6wAAAAAAAAAAAAIAAwAACSAAAAAAAAAAAAAAAAAAAAAITGF3cmVuY2UAEAAIAADSPYKZAAAAEQAIAADWVtvbAAAAAQAUAcCDygGeA6wAEVBlABDZQwAQ2UEAAgBUTWFjaW50b3NoIEhEOlVzZXJzOgBtaXJjbzoARGVza3RvcDoAUGFwZXI6AExhd3JlbmNlOgBNaW5pbmcgQXJndW1lbnRhdGl2IzFDMDgzQkMucGRmAA4AYAAvAE0AaQBuAGkAbgBnACAAQQByAGcAdQBtAGUAbgB0AGEAdABpAHYAZQAgAFMAdAByAHUAYwB0AHUAcgBlACAAZgByAG8AbQAgAE4AYQB0AHUAcgBhAGwALgBwAGQAZgAPABoADABNAGEAYwBpAG4AdABvAHMAaAAgAEgARAASAFJVc2Vycy9taXJjby9EZXNrdG9wL1BhcGVyL0xhd3JlbmNlL01pbmluZyBBcmd1bWVudGF0aXZlIFN0cnVjdHVyZSBmcm9tIE5hdHVyYWwucGRmABMAAS8AABUAAgAM//8AAIAG0hscHR5aJGNsYXNzbmFtZVgkY2xhc3Nlc11OU011dGFibGVEYXRhox0fIFZOU0RhdGFYTlNPYmplY3TSGxwiI1xOU0RpY3Rpb25hcnmiIiBfEA9OU0tleWVkQXJjaGl2ZXLRJidUcm9vdIABAAgAEQAaACMALQAyADcAQABGAE0AVQBgAGcAagBsAG4AcQBzAHUAdwCEAI4A1QDaAOIC+AL6Av8DCgMTAyEDJQMsAzUDOgNHA0oDXANfA2QAAAAAAAACAQAAAAAAAAAoAAAAAAAAAAAAAAAAAAADZg==}}

@inproceedings{hidey2017analyzing,
	Author = {Hidey, Christopher and Musi, Elena and Hwang, Alyssa and Muresan, Smaranda and McKeown, Kathy},
	Booktitle = {Proceedings of the 4th Workshop on Argument Mining},
	Date-Added = {2017-12-11 15:14:04 +0000},
	Date-Modified = {2017-12-11 15:14:04 +0000},
	Pages = {11--21},
	Title = {Analyzing the Semantic Types of Claims and Premises in an Online Persuasive Forum},
	Year = {2017},
	Bdsk-File-1 = {YnBsaXN0MDDUAQIDBAUGJCVYJHZlcnNpb25YJG9iamVjdHNZJGFyY2hpdmVyVCR0b3ASAAGGoKgHCBMUFRYaIVUkbnVsbNMJCgsMDxJXTlMua2V5c1pOUy5vYmplY3RzViRjbGFzc6INDoACgAOiEBGABIAFgAdccmVsYXRpdmVQYXRoWWFsaWFzRGF0YV8QSS4uLy4uL1BhcGVyL0hpZGV5L0FuYWx5emluZyB0aGUgU2VtYW50aWMgVHlwZXMgb2YgQ2xhaW1zIGFuZCBQcmVtaXNlcy5wZGbSFwsYGVdOUy5kYXRhTxECJAAAAAACJAACAAAMTWFjaW50b3NoIEhEAAAAAAAAAAAAAAAAAAAA0j2euUgrAAABwIP6H0FuYWx5emluZyB0aGUgU2VtYW4jMUMwODNGNS5wZGYAAAAAAAAAAAAAAAAAAAAAAAAAAAAAAAAAAAAAAAAAAAHAg/XWVuoEAAAAAAAAAAAAAgADAAAJIAAAAAAAAAAAAAAAAAAAAAVIaWRleQAAEAAIAADSPYKZAAAAEQAIAADWVtv0AAAAAQAUAcCD+gGeA6wAEVBlABDZQwAQ2UEAAgBRTWFjaW50b3NoIEhEOlVzZXJzOgBtaXJjbzoARGVza3RvcDoAUGFwZXI6AEhpZGV5OgBBbmFseXppbmcgdGhlIFNlbWFuIzFDMDgzRjUucGRmAAAOAHAANwBBAG4AYQBsAHkAegBpAG4AZwAgAHQAaABlACAAUwBlAG0AYQBuAHQAaQBjACAAVAB5AHAAZQBzACAAbwBmACAAQwBsAGEAaQBtAHMAIABhAG4AZAAgAFAAcgBlAG0AaQBzAGUAcwAuAHAAZABmAA8AGgAMAE0AYQBjAGkAbgB0AG8AcwBoACAASABEABIAV1VzZXJzL21pcmNvL0Rlc2t0b3AvUGFwZXIvSGlkZXkvQW5hbHl6aW5nIHRoZSBTZW1hbnRpYyBUeXBlcyBvZiBDbGFpbXMgYW5kIFByZW1pc2VzLnBkZgAAEwABLwAAFQACAAz//wAAgAbSGxwdHlokY2xhc3NuYW1lWCRjbGFzc2VzXU5TTXV0YWJsZURhdGGjHR8gVk5TRGF0YVhOU09iamVjdNIbHCIjXE5TRGljdGlvbmFyeaIiIF8QD05TS2V5ZWRBcmNoaXZlctEmJ1Ryb290gAEACAARABoAIwAtADIANwBAAEYATQBVAGAAZwBqAGwAbgBxAHMAdQB3AIQAjgDaAN8A5wMPAxEDFgMhAyoDOAM8A0MDTANRA14DYQNzA3YDewAAAAAAAAIBAAAAAAAAACgAAAAAAAAAAAAAAAAAAAN9}}

@inproceedings{rinott2015show,
	Author = {Rinott, Ruty and Dankin, Lena and Perez, Carlos Alzate and Khapra, Mitesh M and Aharoni, Ehud and Slonim, Noam},
	Booktitle = {EMNLP},
	Date-Added = {2017-11-16 07:55:32 +0000},
	Date-Modified = {2017-12-01 08:10:18 +0000},
	Keywords = {Gedruckt},
	Pages = {440--450},
	Title = {Show Me Your Evidence-an Automatic Method for Context Dependent Evidence Detection.},
	Year = {2015}}

@inproceedings{biran2011identifying,
	Author = {Biran, Or and Rambow, Owen},
	Booktitle = {Semantic Computing (ICSC), 2011 Fifth IEEE International Conference on},
	Date-Added = {2017-11-16 07:54:48 +0000},
	Date-Modified = {2017-11-16 07:54:48 +0000},
	Organization = {IEEE},
	Pages = {162--168},
	Title = {Identifying justifications in written dialogs},
	Year = {2011}}

@article{peldszus2013argument,
	Author = {Peldszus, Andreas and Stede, Manfred},
	Date-Added = {2017-11-16 07:53:44 +0000},
	Date-Modified = {2017-12-01 08:20:16 +0000},
	Journal = {International Journal of Cognitive Informatics and Natural Intelligence (IJCINI)},
	Keywords = {Gedruckt},
	Number = {1},
	Pages = {1--31},
	Publisher = {IGI Global},
	Title = {From argument diagrams to argumentation mining in texts: A survey},
	Volume = {7},
	Year = {2013},
	Bdsk-File-1 = {YnBsaXN0MDDUAQIDBAUGJCVYJHZlcnNpb25YJG9iamVjdHNZJGFyY2hpdmVyVCR0b3ASAAGGoKgHCBMUFRYaIVUkbnVsbNMJCgsMDxJXTlMua2V5c1pOUy5vYmplY3RzViRjbGFzc6INDoACgAOiEBGABIAFgAdccmVsYXRpdmVQYXRoWWFsaWFzRGF0YV8QRy4uLy4uL1BhcGVyL1BlbGRzenVzL0Zyb20gYXJndW1lbnQgZGlhZ3JhbXMgdG8gYXJndW1lbnRhdGlvbiBtaW5pbmcucGRm0hcLGBlXTlMuZGF0YU8RAhwAAAAAAhwAAgAADE1hY2ludG9zaCBIRAAAAAAAAAAAAAAAAAAAANI9nrlIKwAAAbgrEx9Gcm9tIGFyZ3VtZW50IGRpYWdyIzFCODJCMEQucGRmAAAAAAAAAAAAAAAAAAAAAAAAAAAAAAAAAAAAAAAAAAABuCsN1kbPRgAAAAAAAAAAAAIAAwAACSAAAAAAAAAAAAAAAAAAAAAIUGVsZHN6dXMAEAAIAADSPYKZAAAAEQAIAADWRsE2AAAAAQAUAbgrEwGeA6wAEVBlABDZQwAQ2UEAAgBUTWFjaW50b3NoIEhEOlVzZXJzOgBtaXJjbzoARGVza3RvcDoAUGFwZXI6AFBlbGRzenVzOgBGcm9tIGFyZ3VtZW50IGRpYWdyIzFCODJCMEQucGRmAA4AZgAyAEYAcgBvAG0AIABhAHIAZwB1AG0AZQBuAHQAIABkAGkAYQBnAHIAYQBtAHMAIAB0AG8AIABhAHIAZwB1AG0AZQBuAHQAYQB0AGkAbwBuACAAbQBpAG4AaQBuAGcALgBwAGQAZgAPABoADABNAGEAYwBpAG4AdABvAHMAaAAgAEgARAASAFVVc2Vycy9taXJjby9EZXNrdG9wL1BhcGVyL1BlbGRzenVzL0Zyb20gYXJndW1lbnQgZGlhZ3JhbXMgdG8gYXJndW1lbnRhdGlvbiBtaW5pbmcucGRmAAATAAEvAAAVAAIADP//AACABtIbHB0eWiRjbGFzc25hbWVYJGNsYXNzZXNdTlNNdXRhYmxlRGF0YaMdHyBWTlNEYXRhWE5TT2JqZWN00hscIiNcTlNEaWN0aW9uYXJ5oiIgXxAPTlNLZXllZEFyY2hpdmVy0SYnVHJvb3SAAQAIABEAGgAjAC0AMgA3AEAARgBNAFUAYABnAGoAbABuAHEAcwB1AHcAhACOANgA3QDlAwUDBwMMAxcDIAMuAzIDOQNCA0cDVANXA2kDbANxAAAAAAAAAgEAAAAAAAAAKAAAAAAAAAAAAAAAAAAAA3M=}}

@article{kolomiyets2011survey,
	Author = {Kolomiyets, Oleksandr and Moens, Marie-Francine},
	Date-Added = {2017-11-16 07:50:44 +0000},
	Date-Modified = {2017-12-01 08:21:08 +0000},
	Journal = {Information Sciences},
	Keywords = {Gedruckt},
	Number = {24},
	Pages = {5412--5434},
	Publisher = {Elsevier},
	Title = {A survey on question answering technology from an information retrieval perspective},
	Volume = {181},
	Year = {2011},
	Bdsk-File-1 = {YnBsaXN0MDDUAQIDBAUGJCVYJHZlcnNpb25YJG9iamVjdHNZJGFyY2hpdmVyVCR0b3ASAAGGoKgHCBMUFRYaIVUkbnVsbNMJCgsMDxJXTlMua2V5c1pOUy5vYmplY3RzViRjbGFzc6INDoACgAOiEBGABIAFgAdccmVsYXRpdmVQYXRoWWFsaWFzRGF0YV8QSS4uLy4uL1BhcGVyL0tvbG9taXlldHMvQSBzdXJ2ZXkgb24gcXVlc3Rpb24gYW5zd2VyaW5nIHRlY2hub2xvZ3kgZnJvbS5wZGbSFwsYGVdOUy5kYXRhTxECIgAAAAACIgACAAAMTWFjaW50b3NoIEhEAAAAAAAAAAAAAAAAAAAA0j2euUgrAAABuCtfH0Egc3VydmV5IG9uIHF1ZXN0aW8jMUI4MkI1Ny5wZGYAAAAAAAAAAAAAAAAAAAAAAAAAAAAAAAAAAAAAAAAAAAG4K1fWRs96AAAAAAAAAAAAAgADAAAJIAAAAAAAAAAAAAAAAAAAAApLb2xvbWl5ZXRzABAACAAA0j2CmQAAABEACAAA1kbBagAAAAEAFAG4K18BngOsABFQZQAQ2UMAENlBAAIAVk1hY2ludG9zaCBIRDpVc2VyczoAbWlyY286AERlc2t0b3A6AFBhcGVyOgBLb2xvbWl5ZXRzOgBBIHN1cnZleSBvbiBxdWVzdGlvIzFCODJCNTcucGRmAA4AZgAyAEEAIABzAHUAcgB2AGUAeQAgAG8AbgAgAHEAdQBlAHMAdABpAG8AbgAgAGEAbgBzAHcAZQByAGkAbgBnACAAdABlAGMAaABuAG8AbABvAGcAeQAgAGYAcgBvAG0ALgBwAGQAZgAPABoADABNAGEAYwBpAG4AdABvAHMAaAAgAEgARAASAFdVc2Vycy9taXJjby9EZXNrdG9wL1BhcGVyL0tvbG9taXlldHMvQSBzdXJ2ZXkgb24gcXVlc3Rpb24gYW5zd2VyaW5nIHRlY2hub2xvZ3kgZnJvbS5wZGYAABMAAS8AABUAAgAM//8AAIAG0hscHR5aJGNsYXNzbmFtZVgkY2xhc3Nlc11OU011dGFibGVEYXRhox0fIFZOU0RhdGFYTlNPYmplY3TSGxwiI1xOU0RpY3Rpb25hcnmiIiBfEA9OU0tleWVkQXJjaGl2ZXLRJidUcm9vdIABAAgAEQAaACMALQAyADcAQABGAE0AVQBgAGcAagBsAG4AcQBzAHUAdwCEAI4A2gDfAOcDDQMPAxQDHwMoAzYDOgNBA0oDTwNcA18DcQN0A3kAAAAAAAACAQAAAAAAAAAoAAAAAAAAAAAAAAAAAAADew==}}

@book{W14-21:2014,
	Address = {Baltimore, Maryland},
	Date-Added = {2017-11-15 16:21:34 +0000},
	Date-Modified = {2017-11-15 16:21:34 +0000},
	Editor = {Green, Nancy and Ashley, Kevin and Litman, Diane and Reed, Chris and Walker, Vern},
	Month = {June},
	Publisher = {Association for Computational Linguistics},
	Title = {Proceedings of the First Workshop on Argumentation Mining},
	Url = {http://www.aclweb.org/anthology/W/W14/W14-21},
	Year = {2014},
	Bdsk-Url-1 = {http://www.aclweb.org/anthology/W/W14/W14-21}}

@article{Wang2016Improving-Agree,
	Abstract = {We study the problem of agreement and disagreement detection in online discussions. An isotonic Conditional Random Fields (isotonic CRF) based sequential model is proposed to make predictions on sentence- or segment-level. We automatically construct a socially-tuned lexicon that is bootstrapped from existing general-purpose sentiment lexicons to further improve the performance. We evaluate our agreement and disagreement tagging model on two disparate online discussion corpora -- Wikipedia Talk pages and online debates. Our model is shown to outperform the state-of-the-art approaches in both datasets. For example, the isotonic CRF model achieves F1 scores of 0.74 and 0.67 for agreement and disagreement detection, when a linear chain CRF obtains 0.58 and 0.56 for the discussions on Wikipedia Talk pages.},
	Author = {Wang, Lu and Cardie, Claire},
	Date-Added = {2017-11-09 10:29:24 +0000},
	Date-Modified = {2017-11-09 10:29:24 +0000},
	Eprint = {1606.05706},
	Month = {06},
	Title = {Improving Agreement and Disagreement Identification in Online Discussions with A Socially-Tuned Sentiment Lexicon},
	Url = {https://arxiv.org/abs/1606.05706},
	Year = {2016},
	Bdsk-File-1 = {YnBsaXN0MDDUAQIDBAUGJCVYJHZlcnNpb25YJG9iamVjdHNZJGFyY2hpdmVyVCR0b3ASAAGGoKgHCBMUFRYaIVUkbnVsbNMJCgsMDxJXTlMua2V5c1pOUy5vYmplY3RzViRjbGFzc6INDoACgAOiEBGABIAFgAdccmVsYXRpdmVQYXRoWWFsaWFzRGF0YV8QUi4uLy4uL1BhcGVyL1dhbmcvSW1wcm92aW5nIEFncmVlbWVudCBhbmQgRGlzYWdyZWVtZW50IElkZW50aWZpY2F0aW9uIGluIE9ubGluZS5wZGbSFwsYGVdOUy5kYXRhTxECPAAAAAACPAACAAAMTWFjaW50b3NoIEhEAAAAAAAAAAAAAAAAAAAA0j2euUgrAAABwIRgH0ltcHJvdmluZyBBZ3JlZW1lbnQjMUMwODQ1QS5wZGYAAAAAAAAAAAAAAAAAAAAAAAAAAAAAAAAAAAAAAAAAAAHAhFrWVupBAAAAAAAAAAAAAgADAAAJIAAAAAAAAAAAAAAAAAAAAARXYW5nABAACAAA0j2CmQAAABEACAAA1lbcMQAAAAEAFAHAhGABngOsABFQZQAQ2UMAENlBAAIAUE1hY2ludG9zaCBIRDpVc2VyczoAbWlyY286AERlc2t0b3A6AFBhcGVyOgBXYW5nOgBJbXByb3ZpbmcgQWdyZWVtZW50IzFDMDg0NUEucGRmAA4AhABBAEkAbQBwAHIAbwB2AGkAbgBnACAAQQBnAHIAZQBlAG0AZQBuAHQAIABhAG4AZAAgAEQAaQBzAGEAZwByAGUAZQBtAGUAbgB0ACAASQBkAGUAbgB0AGkAZgBpAGMAYQB0AGkAbwBuACAAaQBuACAATwBuAGwAaQBuAGUALgBwAGQAZgAPABoADABNAGEAYwBpAG4AdABvAHMAaAAgAEgARAASAGBVc2Vycy9taXJjby9EZXNrdG9wL1BhcGVyL1dhbmcvSW1wcm92aW5nIEFncmVlbWVudCBhbmQgRGlzYWdyZWVtZW50IElkZW50aWZpY2F0aW9uIGluIE9ubGluZS5wZGYAEwABLwAAFQACAAz//wAAgAbSGxwdHlokY2xhc3NuYW1lWCRjbGFzc2VzXU5TTXV0YWJsZURhdGGjHR8gVk5TRGF0YVhOU09iamVjdNIbHCIjXE5TRGljdGlvbmFyeaIiIF8QD05TS2V5ZWRBcmNoaXZlctEmJ1Ryb290gAEACAARABoAIwAtADIANwBAAEYATQBVAGAAZwBqAGwAbgBxAHMAdQB3AIQAjgDjAOgA8AMwAzIDNwNCA0sDWQNdA2QDbQNyA38DggOUA5cDnAAAAAAAAAIBAAAAAAAAACgAAAAAAAAAAAAAAAAAAAOe},
	Bdsk-Url-1 = {https://arxiv.org/abs/1606.05706}}

@article{Snajder2017Social-Media-Ar,
	Abstract = {Argumentation mining from social media content has attracted increasing attention. The task is both challenging and rewarding. The informal nature of user-generated content makes the task dauntingly difficult. On the other hand, the insights that could be gained by a large-scale analysis of social media argumentation make it a very worthwhile task. In this position paper I discuss the motivation for social media argumentation mining, as well as the tasks and challenges involved.},
	Author = {{\v S}najder, Jan},
	Date-Added = {2017-11-09 10:15:40 +0000},
	Date-Modified = {2017-12-01 08:18:22 +0000},
	Eprint = {1701.00168},
	Keywords = {Gedruckt},
	Month = {01},
	Title = {Social Media Argumentation Mining: The Quest for Deliberateness in Raucousness},
	Url = {https://arxiv.org/abs/1701.00168},
	Year = {2017},
	Bdsk-Url-1 = {https://arxiv.org/abs/1701.00168}}

@article{Carletta:1996:AAC:230386.230390,
	Acmid = {230390},
	Address = {Cambridge, MA, USA},
	Author = {Carletta, Jean},
	Date-Added = {2017-11-09 10:09:45 +0000},
	Date-Modified = {2017-12-13 13:33:58 +0000},
	Issn = {0891-2017},
	Issue_Date = {June 1996},
	Journal = {Comput. Linguist.},
	Month = jun,
	Number = {2},
	Numpages = {6},
	Pages = {249--254},
	Publisher = {MIT Press},
	Title = {Assessing Agreement on Classification Tasks: The Kappa Statistic},
	Url = {http://dl.acm.org/citation.cfm?id=230386.230390},
	Volume = {22},
	Year = {1996},
	Bdsk-Url-1 = {http://dl.acm.org/citation.cfm?id=230386.230390}}

@inproceedings{Park:2012:ICC:2391171.2391173,
	Acmid = {2391173},
	Address = {Stroudsburg, PA, USA},
	Author = {Park, Dae Hoon and Blake, Catherine},
	Booktitle = {Proceedings of the Workshop on Detecting Structure in Scholarly Discourse},
	Date-Added = {2017-11-09 09:34:37 +0000},
	Date-Modified = {2018-03-04 13:23:44 +0000},
	Keywords = {Features, SVM, Naive Bayes},
	Location = {Jeju, Republic of Korea},
	Numpages = {9},
	Pages = {1--9},
	Publisher = {Association for Computational Linguistics},
	Series = {ACL '12},
	Title = {Identifying Comparative Claim Sentences in Full-text Scientific Articles},
	Url = {http://dl.acm.org/citation.cfm?id=2391171.2391173},
	Year = {2012},
	Bdsk-Url-1 = {http://dl.acm.org/citation.cfm?id=2391171.2391173}}

@article{gupta2017identifying,
	Annote = {Von Chris},
	Author = {Gupta, Samir and Mahmood, ASM Ashique and Ross, Karen and Wu, Cathy and Vijay-Shanker, K},
	Date-Added = {2017-11-07 18:21:52 +0000},
	Date-Modified = {2017-12-13 13:36:55 +0000},
	Journal = {BioNLP 2017},
	Keywords = {Features},
	Pages = {206--215},
	Rating = {4},
	Read = {1},
	Title = {Identifying Comparative Structures in Biomedical Text},
	Year = {2017},
	Bdsk-File-1 = {YnBsaXN0MDDUAQIDBAUGJCVYJHZlcnNpb25YJG9iamVjdHNZJGFyY2hpdmVyVCR0b3ASAAGGoKgHCBMUFRYaIVUkbnVsbNMJCgsMDxJXTlMua2V5c1pOUy5vYmplY3RzViRjbGFzc6INDoACgAOiEBGABIAFgAdccmVsYXRpdmVQYXRoWWFsaWFzRGF0YV8QSy4uLy4uL1BhcGVyL0d1cHRhL0lkZW50aWZ5aW5nIENvbXBhcmF0aXZlIFN0cnVjdHVyZXMgaW4gQmlvbWVkaWNhbCBUZXh0LnBkZtIXCxgZV05TLmRhdGFPEQIqAAAAAAIqAAIAAAxNYWNpbnRvc2ggSEQAAAAAAAAAAAAAAAAAAADSPZ65SCsAAAGfK08fSWRlbnRpZnlpbmcgQ29tcGFyYSMxQTA0QTVDLnBkZgAAAAAAAAAAAAAAAAAAAAAAAAAAAAAAAAAAAAAAAAAAAaBKXNYnuGEAAAAAAAAAAAACAAMAAAkgAAAAAAAAAAAAAAAAAAAABUd1cHRhAAAQAAgAANI9gpkAAAARAAgAANYnqlEAAAABABQBnytPAZ4DrAARUGUAENlDABDZQQACAFFNYWNpbnRvc2ggSEQ6VXNlcnM6AG1pcmNvOgBEZXNrdG9wOgBQYXBlcjoAR3VwdGE6AElkZW50aWZ5aW5nIENvbXBhcmEjMUEwNEE1Qy5wZGYAAA4AdAA5AEkAZABlAG4AdABpAGYAeQBpAG4AZwAgAEMAbwBtAHAAYQByAGEAdABpAHYAZQAgAFMAdAByAHUAYwB0AHUAcgBlAHMAIABpAG4AIABCAGkAbwBtAGUAZABpAGMAYQBsACAAVABlAHgAdAAuAHAAZABmAA8AGgAMAE0AYQBjAGkAbgB0AG8AcwBoACAASABEABIAWVVzZXJzL21pcmNvL0Rlc2t0b3AvUGFwZXIvR3VwdGEvSWRlbnRpZnlpbmcgQ29tcGFyYXRpdmUgU3RydWN0dXJlcyBpbiBCaW9tZWRpY2FsIFRleHQucGRmAAATAAEvAAAVAAIADP//AACABtIbHB0eWiRjbGFzc25hbWVYJGNsYXNzZXNdTlNNdXRhYmxlRGF0YaMdHyBWTlNEYXRhWE5TT2JqZWN00hscIiNcTlNEaWN0aW9uYXJ5oiIgXxAPTlNLZXllZEFyY2hpdmVy0SYnVHJvb3SAAQAIABEAGgAjAC0AMgA3AEAARgBNAFUAYABnAGoAbABuAHEAcwB1AHcAhACOANwA4QDpAxcDGQMeAykDMgNAA0QDSwNUA1kDZgNpA3sDfgODAAAAAAAAAgEAAAAAAAAAKAAAAAAAAAAAAAAAAAAAA4U=}}

@inproceedings{Bar-Haim2017Stance-Classifi,
	Author = {Bar{-}Haim, Roy and Bhattacharya, Indrajit and Dinuzzo, Francesco and Saha, Amrita and Slonim, Noam},
	Bibsource = {dblp computer science bibliography, http://dblp.org},
	Biburl = {http://dblp.org/rec/bib/conf/eacl/SlonimBSBD17},
	Booktitle = {Proceedings of the 15th Conference of the European Chapter of the Association for Computational Linguistics, {EACL} 2017, Valencia, Spain, April 3-7, 2017, Volume 1: Long Papers},
	Crossref = {DBLP:conf/eacl/2017-1},
	Date-Added = {2017-11-05 11:31:14 +0000},
	Date-Modified = {2017-11-05 11:38:33 +0000},
	Pages = {251--261},
	Timestamp = {Wed, 16 Aug 2017 06:31:02 +0200},
	Title = {Stance Classification of Context-Dependent Claims},
	Url = {http://aclanthology.info/papers/E17-1024/stance-classification-of-context-dependent-claims},
	Year = {2017},
	Bdsk-File-1 = {YnBsaXN0MDDUAQIDBAUGJCVYJHZlcnNpb25YJG9iamVjdHNZJGFyY2hpdmVyVCR0b3ASAAGGoKgHCBMUFRYaIVUkbnVsbNMJCgsMDxJXTlMua2V5c1pOUy5vYmplY3RzViRjbGFzc6INDoACgAOiEBGABIAFgAdccmVsYXRpdmVQYXRoWWFsaWFzRGF0YV8QSi4uLy4uL1BhcGVyL0Jhci1IYWltL1N0YW5jZSBDbGFzc2lmaWNhdGlvbiBvZiBDb250ZXh0LURlcGVuZGVudCBDbGFpbXMucGRm0hcLGBlXTlMuZGF0YU8RAiQAAAAAAiQAAgAADE1hY2ludG9zaCBIRAAAAAAAAAAAAAAAAAAAANI9nrlIKwAAAcCDZB9TdGFuY2UgQ2xhc3NpZmljYXRpIzFDMDg0MkUucGRmAAAAAAAAAAAAAAAAAAAAAAAAAAAAAAAAAAAAAAAAAAABwIQu1lbqKAAAAAAAAAAAAAIAAwAACSAAAAAAAAAAAAAAAAAAAAAIQmFyLUhhaW0AEAAIAADSPYKZAAAAEQAIAADWVtwYAAAAAQAUAcCDZAGeA6wAEVBlABDZQwAQ2UEAAgBUTWFjaW50b3NoIEhEOlVzZXJzOgBtaXJjbzoARGVza3RvcDoAUGFwZXI6AEJhci1IYWltOgBTdGFuY2UgQ2xhc3NpZmljYXRpIzFDMDg0MkUucGRmAA4AbAA1AFMAdABhAG4AYwBlACAAQwBsAGEAcwBzAGkAZgBpAGMAYQB0AGkAbwBuACAAbwBmACAAQwBvAG4AdABlAHgAdAAtAEQAZQBwAGUAbgBkAGUAbgB0ACAAQwBsAGEAaQBtAHMALgBwAGQAZgAPABoADABNAGEAYwBpAG4AdABvAHMAaAAgAEgARAASAFhVc2Vycy9taXJjby9EZXNrdG9wL1BhcGVyL0Jhci1IYWltL1N0YW5jZSBDbGFzc2lmaWNhdGlvbiBvZiBDb250ZXh0LURlcGVuZGVudCBDbGFpbXMucGRmABMAAS8AABUAAgAM//8AAIAG0hscHR5aJGNsYXNzbmFtZVgkY2xhc3Nlc11OU011dGFibGVEYXRhox0fIFZOU0RhdGFYTlNPYmplY3TSGxwiI1xOU0RpY3Rpb25hcnmiIiBfEA9OU0tleWVkQXJjaGl2ZXLRJidUcm9vdIABAAgAEQAaACMALQAyADcAQABGAE0AVQBgAGcAagBsAG4AcQBzAHUAdwCEAI4A2wDgAOgDEAMSAxcDIgMrAzkDPQNEA00DUgNfA2IDdAN3A3wAAAAAAAACAQAAAAAAAAAoAAAAAAAAAAAAAAAAAAADfg==},
	Bdsk-Url-1 = {http://aclanthology.info/papers/E17-1024/stance-classification-of-context-dependent-claims}}

@inproceedings{Ajjour2017Unit-Segmentati,
	Author = {Ajjour, Yamen and Chen, Wei{-}Fan and Kiesel, Johannes and Wachsmuth, Henning and Stein, Benno},
	Bibsource = {dblp computer science bibliography, http://dblp.org},
	Biburl = {http://dblp.org/rec/bib/conf/argmining/AjjourCKWS17},
	Booktitle = {Proceedings of the 4th Workshop on Argument Mining, ArgMining@EMNLP 2017, Copenhagen, Denmark, September 8, 2017},
	Crossref = {DBLP:conf/argmining/2017},
	Date-Added = {2017-11-05 11:28:29 +0000},
	Date-Modified = {2017-12-01 08:12:15 +0000},
	Keywords = {Gedruckt},
	Pages = {118--128},
	Timestamp = {Tue, 19 Sep 2017 07:18:00 +0200},
	Title = {Unit Segmentation of Argumentative Texts},
	Url = {http://aclanthology.info/papers/W17-5115/w17-5115},
	Year = {2017},
	Bdsk-File-1 = {YnBsaXN0MDDUAQIDBAUGJCVYJHZlcnNpb25YJG9iamVjdHNZJGFyY2hpdmVyVCR0b3ASAAGGoKgHCBMUFRYaIVUkbnVsbNMJCgsMDxJXTlMua2V5c1pOUy5vYmplY3RzViRjbGFzc6INDoACgAOiEBGABIAFgAdccmVsYXRpdmVQYXRoWWFsaWFzRGF0YV8QPy4uLy4uL1BhcGVyL0Fqam91ci9Vbml0IFNlZ21lbnRhdGlvbiBvZiBBcmd1bWVudGF0aXZlIFRleHRzLnBkZtIXCxgZV05TLmRhdGFPEQIEAAAAAAIEAAIAAAxNYWNpbnRvc2ggSEQAAAAAAAAAAAAAAAAAAADSPZ65SCsAAAGeOH4fVW5pdCBTZWdtZW50YXRpb24gbyMxOUUzODc5LnBkZgAAAAAAAAAAAAAAAAAAAAAAAAAAAAAAAAAAAAAAAAAAAZ44edYktJQAAAAAAAAAAAACAAMAAAkgAAAAAAAAAAAAAAAAAAAABkFqam91cgAQAAgAANI9gpkAAAARAAgAANYkpoQAAAABABQBnjh+AZ4DrAARUGUAENlDABDZQQACAFJNYWNpbnRvc2ggSEQ6VXNlcnM6AG1pcmNvOgBEZXNrdG9wOgBQYXBlcjoAQWpqb3VyOgBVbml0IFNlZ21lbnRhdGlvbiBvIzE5RTM4NzkucGRmAA4AWgAsAFUAbgBpAHQAIABTAGUAZwBtAGUAbgB0AGEAdABpAG8AbgAgAG8AZgAgAEEAcgBnAHUAbQBlAG4AdABhAHQAaQB2AGUAIABUAGUAeAB0AHMALgBwAGQAZgAPABoADABNAGEAYwBpAG4AdABvAHMAaAAgAEgARAASAE1Vc2Vycy9taXJjby9EZXNrdG9wL1BhcGVyL0Fqam91ci9Vbml0IFNlZ21lbnRhdGlvbiBvZiBBcmd1bWVudGF0aXZlIFRleHRzLnBkZgAAEwABLwAAFQACAAz//wAAgAbSGxwdHlokY2xhc3NuYW1lWCRjbGFzc2VzXU5TTXV0YWJsZURhdGGjHR8gVk5TRGF0YVhOU09iamVjdNIbHCIjXE5TRGljdGlvbmFyeaIiIF8QD05TS2V5ZWRBcmNoaXZlctEmJ1Ryb290gAEACAARABoAIwAtADIANwBAAEYATQBVAGAAZwBqAGwAbgBxAHMAdQB3AIQAjgDQANUA3QLlAucC7AL3AwADDgMSAxkDIgMnAzQDNwNJA0wDUQAAAAAAAAIBAAAAAAAAACgAAAAAAAAAAAAAAAAAAANT},
	Bdsk-Url-1 = {http://aclanthology.info/papers/W17-5115/w17-5115}}

@book{Freeman2011Argument-Struct,
	Author = {Freeman, J.B.},
	Date-Added = {2017-11-05 11:27:36 +0000},
	Date-Modified = {2017-12-13 13:33:16 +0000},
	Isbn = {9789400703575},
	Lccn = {2011920952},
	Publisher = {Springer Netherlands},
	Series = {Argumentation Library},
	Title = {Argument Structure:: Representation and Theory},
	Url = {https://books.google.de/books?id=ZXhyn3LOQBUC},
	Year = {2011},
	Bdsk-Url-1 = {https://books.google.de/books?id=ZXhyn3LOQBUC}}

@book{Walton2008Argumentation-S,
	Author = {Walton, D. and Reed, C. and Macagno, F.},
	Date-Added = {2017-11-05 11:26:36 +0000},
	Date-Modified = {2017-12-13 13:33:10 +0000},
	Isbn = {9780521897907},
	Lccn = {2007045337},
	Publisher = {Cambridge University Press},
	Title = {Argumentation Schemes},
	Url = {https://books.google.de/books?id=7p1wmhNfBmoC},
	Year = {2008},
	Bdsk-Url-1 = {https://books.google.de/books?id=7p1wmhNfBmoC}}

@inproceedings{Habernal2015Exploiting-Deba,
	Author = {Habernal, Ivan and Gurevych, Iryna},
	Bibsource = {dblp computer science bibliography, http://dblp.org},
	Biburl = {http://dblp.org/rec/bib/conf/emnlp/HabernalG15},
	Booktitle = {Proceedings of the 2015 Conference on Empirical Methods in Natural Language Processing, {EMNLP} 2015, Lisbon, Portugal, September 17-21, 2015},
	Crossref = {DBLP:conf/emnlp/2015},
	Date-Added = {2017-11-05 11:23:59 +0000},
	Date-Modified = {2017-12-01 08:17:19 +0000},
	Keywords = {Gedruckt},
	Pages = {2127--2137},
	Timestamp = {Wed, 14 Oct 2015 09:56:24 +0200},
	Title = {Exploiting Debate Portals for Semi-Supervised Argumentation Mining in User-Generated Web Discourse},
	Url = {http://aclweb.org/anthology/D/D15/D15-1255.pdf},
	Year = {2015},
	Bdsk-File-1 = {YnBsaXN0MDDUAQIDBAUGJCVYJHZlcnNpb25YJG9iamVjdHNZJGFyY2hpdmVyVCR0b3ASAAGGoKgHCBMUFRYaIVUkbnVsbNMJCgsMDxJXTlMua2V5c1pOUy5vYmplY3RzViRjbGFzc6INDoACgAOiEBGABIAFgAdccmVsYXRpdmVQYXRoWWFsaWFzRGF0YV8QVC4uLy4uL1BhcGVyL0hhYmVybmFsL0V4cGxvaXRpbmcgRGViYXRlIFBvcnRhbHMgZm9yIFNlbWktU3VwZXJ2aXNlZCBBcmd1bWVudGF0aW9uLnBkZtIXCxgZV05TLmRhdGFPEQJCAAAAAAJCAAIAAAxNYWNpbnRvc2ggSEQAAAAAAAAAAAAAAAAAAADSPZ65SCsAAAGeDP8fRXhwbG9pdGluZyBEZWJhdGUgUCMxOUUzNTI4LnBkZgAAAAAAAAAAAAAAAAAAAAAAAAAAAAAAAAAAAAAAAAAAAZ41KNYksy8AAAAAAAAAAAACAAMAAAkgAAAAAAAAAAAAAAAAAAAACEhhYmVybmFsABAACAAA0j2CmQAAABEACAAA1iSlHwAAAAEAFAGeDP8BngOsABFQZQAQ2UMAENlBAAIAVE1hY2ludG9zaCBIRDpVc2VyczoAbWlyY286AERlc2t0b3A6AFBhcGVyOgBIYWJlcm5hbDoARXhwbG9pdGluZyBEZWJhdGUgUCMxOUUzNTI4LnBkZgAOAIAAPwBFAHgAcABsAG8AaQB0AGkAbgBnACAARABlAGIAYQB0AGUAIABQAG8AcgB0AGEAbABzACAAZgBvAHIAIABTAGUAbQBpAC0AUwB1AHAAZQByAHYAaQBzAGUAZAAgAEEAcgBnAHUAbQBlAG4AdABhAHQAaQBvAG4ALgBwAGQAZgAPABoADABNAGEAYwBpAG4AdABvAHMAaAAgAEgARAASAGJVc2Vycy9taXJjby9EZXNrdG9wL1BhcGVyL0hhYmVybmFsL0V4cGxvaXRpbmcgRGViYXRlIFBvcnRhbHMgZm9yIFNlbWktU3VwZXJ2aXNlZCBBcmd1bWVudGF0aW9uLnBkZgATAAEvAAAVAAIADP//AACABtIbHB0eWiRjbGFzc25hbWVYJGNsYXNzZXNdTlNNdXRhYmxlRGF0YaMdHyBWTlNEYXRhWE5TT2JqZWN00hscIiNcTlNEaWN0aW9uYXJ5oiIgXxAPTlNLZXllZEFyY2hpdmVy0SYnVHJvb3SAAQAIABEAGgAjAC0AMgA3AEAARgBNAFUAYABnAGoAbABuAHEAcwB1AHcAhACOAOUA6gDyAzgDOgM/A0oDUwNhA2UDbAN1A3oDhwOKA5wDnwOkAAAAAAAAAgEAAAAAAAAAKAAAAAAAAAAAAAAAAAAAA6Y=},
	Bdsk-Url-1 = {http://aclweb.org/anthology/D/D15/D15-1255.pdf}}

@article{Kim2014Convolutional-N,
	Archiveprefix = {arXiv},
	Author = {Kim, Yoon},
	Bibsource = {dblp computer science bibliography, http://dblp.org},
	Biburl = {http://dblp.org/rec/bib/journals/corr/Kim14f},
	Date-Added = {2017-11-05 11:13:34 +0000},
	Date-Modified = {2017-12-01 08:12:27 +0000},
	Eprint = {1408.5882},
	Journal = {CoRR},
	Keywords = {Gedruckt},
	Timestamp = {Wed, 07 Jun 2017 14:40:07 +0200},
	Title = {Convolutional Neural Networks for Sentence Classification},
	Url = {http://arxiv.org/abs/1408.5882},
	Volume = {abs/1408.5882},
	Year = {2014},
	Bdsk-File-1 = {YnBsaXN0MDDUAQIDBAUGJCVYJHZlcnNpb25YJG9iamVjdHNZJGFyY2hpdmVyVCR0b3ASAAGGoKgHCBMUFRYaIVUkbnVsbNMJCgsMDxJXTlMua2V5c1pOUy5vYmplY3RzViRjbGFzc6INDoACgAOiEBGABIAFgAdccmVsYXRpdmVQYXRoWWFsaWFzRGF0YV8QTS4uLy4uL1BhcGVyL0tpbS9Db252b2x1dGlvbmFsIE5ldXJhbCBOZXR3b3JrcyBmb3IgU2VudGVuY2UgQ2xhc3NpZmljYXRpb24ucGRm0hcLGBlXTlMuZGF0YU8RAjAAAAAAAjAAAgAADE1hY2ludG9zaCBIRAAAAAAAAAAAAAAAAAAAANI9nrlIKwAAAZ4zbx9Db252b2x1dGlvbmFsIE5ldXJhIzE5RTMzNjYucGRmAAAAAAAAAAAAAAAAAAAAAAAAAAAAAAAAAAAAAAAAAAABnjNm1iSxBwAAAAAAAAAAAAIAAwAACSAAAAAAAAAAAAAAAAAAAAADS2ltAAAQAAgAANI9gpkAAAARAAgAANYkovcAAAABABQBnjNvAZ4DrAARUGUAENlDABDZQQACAE9NYWNpbnRvc2ggSEQ6VXNlcnM6AG1pcmNvOgBEZXNrdG9wOgBQYXBlcjoAS2ltOgBDb252b2x1dGlvbmFsIE5ldXJhIzE5RTMzNjYucGRmAAAOAHwAPQBDAG8AbgB2AG8AbAB1AHQAaQBvAG4AYQBsACAATgBlAHUAcgBhAGwAIABOAGUAdAB3AG8AcgBrAHMAIABmAG8AcgAgAFMAZQBuAHQAZQBuAGMAZQAgAEMAbABhAHMAcwBpAGYAaQBjAGEAdABpAG8AbgAuAHAAZABmAA8AGgAMAE0AYQBjAGkAbgB0AG8AcwBoACAASABEABIAW1VzZXJzL21pcmNvL0Rlc2t0b3AvUGFwZXIvS2ltL0NvbnZvbHV0aW9uYWwgTmV1cmFsIE5ldHdvcmtzIGZvciBTZW50ZW5jZSBDbGFzc2lmaWNhdGlvbi5wZGYAABMAAS8AABUAAgAM//8AAIAG0hscHR5aJGNsYXNzbmFtZVgkY2xhc3Nlc11OU011dGFibGVEYXRhox0fIFZOU0RhdGFYTlNPYmplY3TSGxwiI1xOU0RpY3Rpb25hcnmiIiBfEA9OU0tleWVkQXJjaGl2ZXLRJidUcm9vdIABAAgAEQAaACMALQAyADcAQABGAE0AVQBgAGcAagBsAG4AcQBzAHUAdwCEAI4A3gDjAOsDHwMhAyYDMQM6A0gDTANTA1wDYQNuA3EDgwOGA4sAAAAAAAACAQAAAAAAAAAoAAAAAAAAAAAAAAAAAAADjQ==},
	Bdsk-Url-1 = {http://arxiv.org/abs/1408.5882}}

@inproceedings{Stab2014Identifying-Arg,
	Author = {Stab, Christian and Gurevych, Iryna},
	Booktitle = {EMNLP},
	Date-Added = {2017-11-05 11:11:00 +0000},
	Date-Modified = {2018-03-04 13:12:00 +0000},
	Keywords = {Gedruckt, Features, SVM, Naive Bayes, Decision Tree, Random Forest},
	Pages = {46--56},
	Title = {Identifying Argumentative Discourse Structures in Persuasive Essays.},
	Year = {2014},
	Bdsk-Url-1 = {http://www.aclweb.org/anthology/D14-1006}}

@inproceedings{Park2014Identifying-App,
	Author = {Park, Joonsuk and Cardie, Claire},
	Booktitle = {ArgMining@ ACL},
	Date-Added = {2017-11-05 11:09:36 +0000},
	Date-Modified = {2017-11-05 11:38:33 +0000},
	Pages = {29--38},
	Title = {Identifying Appropriate Support for Propositions in Online User Comments.},
	Year = {2014},
	Bdsk-File-1 = {YnBsaXN0MDDUAQIDBAUGJCVYJHZlcnNpb25YJG9iamVjdHNZJGFyY2hpdmVyVCR0b3ASAAGGoKgHCBMUFRYaIVUkbnVsbNMJCgsMDxJXTlMua2V5c1pOUy5vYmplY3RzViRjbGFzc6INDoACgAOiEBGABIAFgAdccmVsYXRpdmVQYXRoWWFsaWFzRGF0YV8QTy4uLy4uL1BhcGVyL1BhcmsvSWRlbnRpZnlpbmcgQXBwcm9wcmlhdGUgU3VwcG9ydCBmb3IgUHJvcG9zaXRpb25zIGluIE9ubGluZS5wZGbSFwsYGVdOUy5kYXRhTxECNAAAAAACNAACAAAMTWFjaW50b3NoIEhEAAAAAAAAAAAAAAAAAAAA0j2euUgrAAABnjI0H0lkZW50aWZ5aW5nIEFwcHJvcHIjMTlFMzIzMC5wZGYAAAAAAAAAAAAAAAAAAAAAAAAAAAAAAAAAAAAAAAAAAAGeMjDWJLAbAAAAAAAAAAAAAgADAAAJIAAAAAAAAAAAAAAAAAAAAARQYXJrABAACAAA0j2CmQAAABEACAAA1iSiCwAAAAEAFAGeMjQBngOsABFQZQAQ2UMAENlBAAIAUE1hY2ludG9zaCBIRDpVc2VyczoAbWlyY286AERlc2t0b3A6AFBhcGVyOgBQYXJrOgBJZGVudGlmeWluZyBBcHByb3ByIzE5RTMyMzAucGRmAA4AfgA+AEkAZABlAG4AdABpAGYAeQBpAG4AZwAgAEEAcABwAHIAbwBwAHIAaQBhAHQAZQAgAFMAdQBwAHAAbwByAHQAIABmAG8AcgAgAFAAcgBvAHAAbwBzAGkAdABpAG8AbgBzACAAaQBuACAATwBuAGwAaQBuAGUALgBwAGQAZgAPABoADABNAGEAYwBpAG4AdABvAHMAaAAgAEgARAASAF1Vc2Vycy9taXJjby9EZXNrdG9wL1BhcGVyL1BhcmsvSWRlbnRpZnlpbmcgQXBwcm9wcmlhdGUgU3VwcG9ydCBmb3IgUHJvcG9zaXRpb25zIGluIE9ubGluZS5wZGYAABMAAS8AABUAAgAM//8AAIAG0hscHR5aJGNsYXNzbmFtZVgkY2xhc3Nlc11OU011dGFibGVEYXRhox0fIFZOU0RhdGFYTlNPYmplY3TSGxwiI1xOU0RpY3Rpb25hcnmiIiBfEA9OU0tleWVkQXJjaGl2ZXLRJidUcm9vdIABAAgAEQAaACMALQAyADcAQABGAE0AVQBgAGcAagBsAG4AcQBzAHUAdwCEAI4A4ADlAO0DJQMnAywDNwNAA04DUgNZA2IDZwN0A3cDiQOMA5EAAAAAAAACAQAAAAAAAAAoAAAAAAAAAAAAAAAAAAADkw==}}

@inproceedings{Wachsmuth2017Building-an-arg,
	Author = {Wachsmuth, Henning and Potthast, Martin and Al Khatib, Khalid and Ajjour, Yamen and Puschmann, Jana and Qu, Jiani and Dorsch, Jonas and Morari, Viorel and Bevendorff, Janek and Stein, Benno},
	Booktitle = {Proceedings of the 4th Workshop on Argument Mining},
	Date-Added = {2017-11-05 09:23:19 +0000},
	Date-Modified = {2017-12-13 13:34:05 +0000},
	Pages = {49--59},
	Rating = {4},
	Read = {1},
	Title = {Building an argument search engine for the web},
	Year = {2017},
	Bdsk-File-1 = {YnBsaXN0MDDUAQIDBAUGJCVYJHZlcnNpb25YJG9iamVjdHNZJGFyY2hpdmVyVCR0b3ASAAGGoKgHCBMUFRYaIVUkbnVsbNMJCgsMDxJXTlMua2V5c1pOUy5vYmplY3RzViRjbGFzc6INDoACgAOiEBGABIAFgAdccmVsYXRpdmVQYXRoWWFsaWFzRGF0YV8QSC4uLy4uL1BhcGVyL1dhY2hzbXV0aC9CdWlsZGluZyBhbiBhcmd1bWVudCBzZWFyY2ggZW5naW5lIGZvciB0aGUgd2ViLnBkZtIXCxgZV05TLmRhdGFPEQIgAAAAAAIgAAIAAAxNYWNpbnRvc2ggSEQAAAAAAAAAAAAAAAAAAADSPZ65SCsAAAGeFugfQnVpbGRpbmcgYW4gYXJndW1lbiMxOUUyNjk5LnBkZgAAAAAAAAAAAAAAAAAAAAAAAAAAAAAAAAAAAAAAAAAAAZ4mmdYklw8AAAAAAAAAAAACAAMAAAkgAAAAAAAAAAAAAAAAAAAACVdhY2hzbXV0aAAAEAAIAADSPYKZAAAAEQAIAADWJIj/AAAAAQAUAZ4W6AGeA6wAEVBlABDZQwAQ2UEAAgBVTWFjaW50b3NoIEhEOlVzZXJzOgBtaXJjbzoARGVza3RvcDoAUGFwZXI6AFdhY2hzbXV0aDoAQnVpbGRpbmcgYW4gYXJndW1lbiMxOUUyNjk5LnBkZgAADgBmADIAQgB1AGkAbABkAGkAbgBnACAAYQBuACAAYQByAGcAdQBtAGUAbgB0ACAAcwBlAGEAcgBjAGgAIABlAG4AZwBpAG4AZQAgAGYAbwByACAAdABoAGUAIAB3AGUAYgAuAHAAZABmAA8AGgAMAE0AYQBjAGkAbgB0AG8AcwBoACAASABEABIAVlVzZXJzL21pcmNvL0Rlc2t0b3AvUGFwZXIvV2FjaHNtdXRoL0J1aWxkaW5nIGFuIGFyZ3VtZW50IHNlYXJjaCBlbmdpbmUgZm9yIHRoZSB3ZWIucGRmABMAAS8AABUAAgAM//8AAIAG0hscHR5aJGNsYXNzbmFtZVgkY2xhc3Nlc11OU011dGFibGVEYXRhox0fIFZOU0RhdGFYTlNPYmplY3TSGxwiI1xOU0RpY3Rpb25hcnmiIiBfEA9OU0tleWVkQXJjaGl2ZXLRJidUcm9vdIABAAgAEQAaACMALQAyADcAQABGAE0AVQBgAGcAagBsAG4AcQBzAHUAdwCEAI4A2QDeAOYDCgMMAxEDHAMlAzMDNwM+A0cDTANZA1wDbgNxA3YAAAAAAAACAQAAAAAAAAAoAAAAAAAAAAAAAAAAAAADeA==}}

@inproceedings{Dusmanu2017Argument-Mining,
	Annote = {Logistic Regression
Random Forest},
	Author = {Dusmanu, Mihai and Cabrio, Elena and Villata, Serena},
	Booktitle = {Proceedings of the 2017 Conference on Empirical Methods in Natural Language Processing},
	Date-Added = {2017-11-05 09:21:24 +0000},
	Date-Modified = {2018-03-04 13:10:02 +0000},
	Keywords = {Features, Logistic Regression, Random Forest},
	Pages = {2307--2312},
	Rating = {3},
	Read = {1},
	Title = {Argument Mining on Twitter: Arguments, Facts and Sources},
	Year = {2017},
	Bdsk-File-1 = {YnBsaXN0MDDUAQIDBAUGJCVYJHZlcnNpb25YJG9iamVjdHNZJGFyY2hpdmVyVCR0b3ASAAGGoKgHCBMUFRYaIVUkbnVsbNMJCgsMDxJXTlMua2V5c1pOUy5vYmplY3RzViRjbGFzc6INDoACgAOiEBGABIAFgAdccmVsYXRpdmVQYXRoWWFsaWFzRGF0YV8QHy4uLy4uLy4uL0Rvd25sb2Fkcy9EMTctMTI0NS5wZGbSFwsYGVdOUy5kYXRhTxEBLAAAAAABLAACAAADT1NYAAAAAAAAAAAAAAAAAAAAAAAAAAAAAAAAAAAAAEJEAAH/////DEQxNy0xMjQ1LnBkZgAAAAAAAAAAAAAAAAAAAAAAAAAAAAAAAAAAAAAAAAAAAAAAAAAAAAAAAAAAAAAAAAAAAP////8AAAAAAAAAAAAAAAAAAwACAAAKIGN1AAAAAAAAAAAAAAAAAAlEb3dubG9hZHMAAAIAJC86VXNlcnM6bWlyY286RG93bmxvYWRzOkQxNy0xMjQ1LnBkZgAOABoADABEADEANwAtADEAMgA0ADUALgBwAGQAZgAPAAgAAwBPAFMAWAASACJVc2Vycy9taXJjby9Eb3dubG9hZHMvRDE3LTEyNDUucGRmABMAAS8AABUAAgAM//8AAIAG0hscHR5aJGNsYXNzbmFtZVgkY2xhc3Nlc11OU011dGFibGVEYXRhox0fIFZOU0RhdGFYTlNPYmplY3TSGxwiI1xOU0RpY3Rpb25hcnmiIiBfEA9OU0tleWVkQXJjaGl2ZXLRJidUcm9vdIABAAgAEQAaACMALQAyADcAQABGAE0AVQBgAGcAagBsAG4AcQBzAHUAdwCEAI4AsAC1AL0B7QHvAfQB/wIIAhYCGgIhAioCLwI8Aj8CUQJUAlkAAAAAAAACAQAAAAAAAAAoAAAAAAAAAAAAAAAAAAACWw==}}

@inproceedings{Aker2017What-works-and-,
	Author = {Aker, Ahmet and Sliwa, Alfred and Ma, Yuan and Lui, Ruishen and Borad, Niravkumar and Ziyaei, Seyedeh and Ghobadi, Mina},
	Booktitle = {Proceedings of the 4th Workshop on Argument Mining},
	Cites = {Lippi:2016:AMS:2909066.2850417, lippi2015context,stab2014identifying,DBLP:journals/corr/Kim14f},
	Date-Added = {2017-11-05 09:20:49 +0000},
	Date-Modified = {2018-03-04 13:22:23 +0000},
	Keywords = {Features, Logistic Regression, LinearSVC, Random Forest, Naive Bayes, Nearest Neighbor, AdaBoost, CNN},
	Pages = {91--96},
	Rating = {3},
	Read = {1},
	Title = {What works and what does not: Classifier and feature analysis for argument mining},
	Year = {2017},
	Bdsk-Url-1 = {http://www.aclweb.org/anthology/W/W17/W17-5112.pdf}}

@inproceedings{Habernal2014Argumentation-M,
	Author = {Habernal, Ivan and Eckle-Kohler, Judith and Gurevych, Iryna},
	Booktitle = {ArgNLP},
	Date-Added = {2017-11-05 09:18:55 +0000},
	Date-Modified = {2017-12-01 08:11:09 +0000},
	Keywords = {Gedruckt},
	Title = {Argumentation Mining on the Web from Information Seeking Perspective.},
	Year = {2014},
	Bdsk-File-1 = {YnBsaXN0MDDUAQIDBAUGJCVYJHZlcnNpb25YJG9iamVjdHNZJGFyY2hpdmVyVCR0b3ASAAGGoKgHCBMUFRYaIVUkbnVsbNMJCgsMDxJXTlMua2V5c1pOUy5vYmplY3RzViRjbGFzc6INDoACgAOiEBGABIAFgAdccmVsYXRpdmVQYXRoWWFsaWFzRGF0YV8QUS4uLy4uL1BhcGVyL0hhYmVybmFsL0FyZ3VtZW50YXRpb24gTWluaW5nIG9uIHRoZSBXZWIgZnJvbSBJbmZvcm1hdGlvbiBTZWVraW5nLnBkZtIXCxgZV05TLmRhdGFPEQI6AAAAAAI6AAIAAAxNYWNpbnRvc2ggSEQAAAAAAAAAAAAAAAAAAADSPZ65SCsAAAGeDP8fQXJndW1lbnRhdGlvbiBNaW5pbiMxOUUxNTkwLnBkZgAAAAAAAAAAAAAAAAAAAAAAAAAAAAAAAAAAAAAAAAAAAZ4VkNYklggAAAAAAAAAAAACAAMAAAkgAAAAAAAAAAAAAAAAAAAACEhhYmVybmFsABAACAAA0j2CmQAAABEACAAA1iSH+AAAAAEAFAGeDP8BngOsABFQZQAQ2UMAENlBAAIAVE1hY2ludG9zaCBIRDpVc2VyczoAbWlyY286AERlc2t0b3A6AFBhcGVyOgBIYWJlcm5hbDoAQXJndW1lbnRhdGlvbiBNaW5pbiMxOUUxNTkwLnBkZgAOAHoAPABBAHIAZwB1AG0AZQBuAHQAYQB0AGkAbwBuACAATQBpAG4AaQBuAGcAIABvAG4AIAB0AGgAZQAgAFcAZQBiACAAZgByAG8AbQAgAEkAbgBmAG8AcgBtAGEAdABpAG8AbgAgAFMAZQBlAGsAaQBuAGcALgBwAGQAZgAPABoADABNAGEAYwBpAG4AdABvAHMAaAAgAEgARAASAF9Vc2Vycy9taXJjby9EZXNrdG9wL1BhcGVyL0hhYmVybmFsL0FyZ3VtZW50YXRpb24gTWluaW5nIG9uIHRoZSBXZWIgZnJvbSBJbmZvcm1hdGlvbiBTZWVraW5nLnBkZgAAEwABLwAAFQACAAz//wAAgAbSGxwdHlokY2xhc3NuYW1lWCRjbGFzc2VzXU5TTXV0YWJsZURhdGGjHR8gVk5TRGF0YVhOU09iamVjdNIbHCIjXE5TRGljdGlvbmFyeaIiIF8QD05TS2V5ZWRBcmNoaXZlctEmJ1Ryb290gAEACAARABoAIwAtADIANwBAAEYATQBVAGAAZwBqAGwAbgBxAHMAdQB3AIQAjgDiAOcA7wMtAy8DNAM/A0gDVgNaA2EDagNvA3wDfwORA5QDmQAAAAAAAAIBAAAAAAAAACgAAAAAAAAAAAAAAAAAAAOb}}

@inproceedings{Eckle-Kohler2015On-the-Role-of-,
	Author = {Eckle-Kohler, Judith and Kluge, Roland and Gurevych, Iryna},
	Booktitle = {EMNLP},
	Date-Added = {2017-11-05 09:17:40 +0000},
	Date-Modified = {2018-03-04 13:19:41 +0000},
	Keywords = {Gedruckt, Features, SVM, Naive Bayes, Random Forest},
	Pages = {2236--2242},
	Title = {On the Role of Discourse Markers for Discriminating Claims and Premises in Argumentative Discourse.},
	Year = {2015},
	Bdsk-Url-1 = {http://www.aclweb.org/anthology/D15-1267}}

@inproceedings{Lippi2015Context-Indepen,
	Author = {Lippi, Marco and Torroni, Paolo},
	Booktitle = {IJCAI},
	Date-Added = {2017-11-05 09:16:18 +0000},
	Date-Modified = {2017-12-13 13:38:41 +0000},
	Keywords = {Features},
	Pages = {185--191},
	Rating = {3},
	Read = {1},
	Title = {Context-Independent Claim Detection for Argument Mining},
	Volume = {15},
	Year = {2015},
	Bdsk-File-1 = {YnBsaXN0MDDUAQIDBAUGJCVYJHZlcnNpb25YJG9iamVjdHNZJGFyY2hpdmVyVCR0b3ASAAGGoKgHCBMUFRYaIVUkbnVsbNMJCgsMDxJXTlMua2V5c1pOUy5vYmplY3RzViRjbGFzc6INDoACgAOiEBGABIAFgAdccmVsYXRpdmVQYXRoWWFsaWFzRGF0YV8QTS4uLy4uL1BhcGVyL0xpcHBpL0NvbnRleHQtSW5kZXBlbmRlbnQgQ2xhaW0gRGV0ZWN0aW9uIGZvciBBcmd1bWVudCBNaW5pbmcucGRm0hcLGBlXTlMuZGF0YU8RAjAAAAAAAjAAAgAADE1hY2ludG9zaCBIRAAAAAAAAAAAAAAAAAAAANI9nrlIKwAAAZ4TBx9Db250ZXh0LUluZGVwZW5kZW50IzFDMDg1RUEucGRmAAAAAAAAAAAAAAAAAAAAAAAAAAAAAAAAAAAAAAAAAAABwIXq1lbr5QAAAAAAAAAAAAIAAwAACSAAAAAAAAAAAAAAAAAAAAAFTGlwcGkAABAACAAA0j2CmQAAABEACAAA1lbd1QAAAAEAFAGeEwcBngOsABFQZQAQ2UMAENlBAAIAUU1hY2ludG9zaCBIRDpVc2VyczoAbWlyY286AERlc2t0b3A6AFBhcGVyOgBMaXBwaToAQ29udGV4dC1JbmRlcGVuZGVudCMxQzA4NUVBLnBkZgAADgB4ADsAQwBvAG4AdABlAHgAdAAtAEkAbgBkAGUAcABlAG4AZABlAG4AdAAgAEMAbABhAGkAbQAgAEQAZQB0AGUAYwB0AGkAbwBuACAAZgBvAHIAIABBAHIAZwB1AG0AZQBuAHQAIABNAGkAbgBpAG4AZwAuAHAAZABmAA8AGgAMAE0AYQBjAGkAbgB0AG8AcwBoACAASABEABIAW1VzZXJzL21pcmNvL0Rlc2t0b3AvUGFwZXIvTGlwcGkvQ29udGV4dC1JbmRlcGVuZGVudCBDbGFpbSBEZXRlY3Rpb24gZm9yIEFyZ3VtZW50IE1pbmluZy5wZGYAABMAAS8AABUAAgAM//8AAIAG0hscHR5aJGNsYXNzbmFtZVgkY2xhc3Nlc11OU011dGFibGVEYXRhox0fIFZOU0RhdGFYTlNPYmplY3TSGxwiI1xOU0RpY3Rpb25hcnmiIiBfEA9OU0tleWVkQXJjaGl2ZXLRJidUcm9vdIABAAgAEQAaACMALQAyADcAQABGAE0AVQBgAGcAagBsAG4AcQBzAHUAdwCEAI4A3gDjAOsDHwMhAyYDMQM6A0gDTANTA1wDYQNuA3EDgwOGA4sAAAAAAAACAQAAAAAAAAAoAAAAAAAAAAAAAAAAAAADjQ==}}

@article{Lippi2016Argumentation-M,
	Acmid = {2850417},
	Address = {New York, NY, USA},
	Articleno = {10},
	Author = {Lippi, Marco and Torroni, Paolo},
	Date-Added = {2017-11-05 09:14:01 +0000},
	Date-Modified = {2018-03-04 13:25:13 +0000},
	Doi = {10.1145/2850417},
	Issn = {1533-5399},
	Issue_Date = {April 2016},
	Journal = {ACM Trans. Internet Technol.},
	Keywords = {Gedruckt, Features, SVM,Logistic Regression, Naive Bayes, Decision Tree, Random Forest},
	Month = mar,
	Number = {2},
	Numpages = {25},
	Pages = {10:1--10:25},
	Publisher = {ACM},
	Title = {Argumentation Mining: State of the Art and Emerging Trends},
	Url = {http://doi.acm.org/10.1145/2850417},
	Volume = {16},
	Year = {2016},
	Bdsk-Url-1 = {http://lia.disi.unibo.it/Staff/MarcoLippi/publications/ACMTOIT2015.pdf},
	Bdsk-Url-2 = {http://doi.acm.org/10.1145/2850417},
	Bdsk-Url-3 = {https://dx.doi.org/10.1145/2850417}}

@article{Nam2013Large-scale-Mul,
	Author = {Nam, Jinseok and Kim, Jungi and Gurevych, Iryna and F{\"{u}}rnkranz, Johannes},
	Date-Added = {2017-11-05 09:02:23 +0000},
	Date-Modified = {2017-12-01 08:12:44 +0000},
	Journal = {CoRR},
	Keywords = {Gedruckt},
	Title = {Large-scale Multi-label Text Classification - Revisiting Neural Networks},
	Url = {http://arxiv.org/abs/1312.5419},
	Year = {2013},
	Bdsk-File-1 = {YnBsaXN0MDDUAQIDBAUGJCVYJHZlcnNpb25YJG9iamVjdHNZJGFyY2hpdmVyVCR0b3ASAAGGoKgHCBMUFRYaIVUkbnVsbNMJCgsMDxJXTlMua2V5c1pOUy5vYmplY3RzViRjbGFzc6INDoACgAOiEBGABIAFgAdccmVsYXRpdmVQYXRoWWFsaWFzRGF0YV8QTC4uLy4uL1BhcGVyL05hbS9MYXJnZS1zY2FsZSBNdWx0aS1sYWJlbCBUZXh0IENsYXNzaWZpY2F0aW9uIC0gUmV2aXNpdGluZy5wZGbSFwsYGVdOUy5kYXRhTxECLAAAAAACLAACAAAMTWFjaW50b3NoIEhEAAAAAAAAAAAAAAAAAAAA0j2euUgrAAABng1nH0xhcmdlLXNjYWxlIE11bHRpLWwjMTlFMEQ0NS5wZGYAAAAAAAAAAAAAAAAAAAAAAAAAAAAAAAAAAAAAAAAAAAGeDUXWJJIoAAAAAAAAAAAAAgADAAAJIAAAAAAAAAAAAAAAAAAAAANOYW0AABAACAAA0j2CmQAAABEACAAA1iSEGAAAAAEAFAGeDWcBngOsABFQZQAQ2UMAENlBAAIAT01hY2ludG9zaCBIRDpVc2VyczoAbWlyY286AERlc2t0b3A6AFBhcGVyOgBOYW06AExhcmdlLXNjYWxlIE11bHRpLWwjMTlFMEQ0NS5wZGYAAA4AegA8AEwAYQByAGcAZQAtAHMAYwBhAGwAZQAgAE0AdQBsAHQAaQAtAGwAYQBiAGUAbAAgAFQAZQB4AHQAIABDAGwAYQBzAHMAaQBmAGkAYwBhAHQAaQBvAG4AIAAtACAAUgBlAHYAaQBzAGkAdABpAG4AZwAuAHAAZABmAA8AGgAMAE0AYQBjAGkAbgB0AG8AcwBoACAASABEABIAWlVzZXJzL21pcmNvL0Rlc2t0b3AvUGFwZXIvTmFtL0xhcmdlLXNjYWxlIE11bHRpLWxhYmVsIFRleHQgQ2xhc3NpZmljYXRpb24gLSBSZXZpc2l0aW5nLnBkZgATAAEvAAAVAAIADP//AACABtIbHB0eWiRjbGFzc25hbWVYJGNsYXNzZXNdTlNNdXRhYmxlRGF0YaMdHyBWTlNEYXRhWE5TT2JqZWN00hscIiNcTlNEaWN0aW9uYXJ5oiIgXxAPTlNLZXllZEFyY2hpdmVy0SYnVHJvb3SAAQAIABEAGgAjAC0AMgA3AEAARgBNAFUAYABnAGoAbABuAHEAcwB1AHcAhACOAN0A4gDqAxoDHAMhAywDNQNDA0cDTgNXA1wDaQNsA34DgQOGAAAAAAAAAgEAAAAAAAAAKAAAAAAAAAAAAAAAAAAAA4g=},
	Bdsk-Url-1 = {http://arxiv.org/abs/1312.5419}}

@article{Habernal2016Argumentation-M,
	Author = {Habernal, Ivan and Gurevych, Iryna},
	Date-Added = {2017-11-05 09:01:16 +0000},
	Date-Modified = {2018-03-04 13:27:54 +0000},
	Journal = {CoRR},
	Keywords = {Features, SVM},
	Title = {Argumentation Mining in User-Generated Web Discourse},
	Url = {http://arxiv.org/abs/1601.02403},
	Year = {2016},
	Bdsk-Url-1 = {http://arxiv.org/abs/1601.02403}}

@article{Eger2017Neural-End-to-E,
	Author = {Eger, Steffen and Daxenberger, Johannes and Gurevych, Iryna},
	Date-Added = {2017-11-05 08:59:53 +0000},
	Date-Modified = {2017-12-13 13:33:40 +0000},
	Journal = {CoRR},
	Title = {Neural End-to-End Learning for Computational Argumentation Mining},
	Url = {http://arxiv.org/abs/1704.06104},
	Volume = {abs/1704.06104},
	Year = {2017},
	Bdsk-File-1 = {YnBsaXN0MDDUAQIDBAUGJCVYJHZlcnNpb25YJG9iamVjdHNZJGFyY2hpdmVyVCR0b3ASAAGGoKgHCBMUFRYaIVUkbnVsbNMJCgsMDxJXTlMua2V5c1pOUy5vYmplY3RzViRjbGFzc6INDoACgAOiEBGABIAFgAdccmVsYXRpdmVQYXRoWWFsaWFzRGF0YV8QTy4uLy4uL1BhcGVyL0VnZXIvTmV1cmFsIEVuZC10by1FbmQgTGVhcm5pbmcgZm9yIENvbXB1dGF0aW9uYWwgQXJndW1lbnRhdGlvbi5wZGbSFwsYGVdOUy5kYXRhTxECNAAAAAACNAACAAAMTWFjaW50b3NoIEhEAAAAAAAAAAAAAAAAAAAA0j2euUgrAAABngyFH05ldXJhbCBFbmQtdG8tRW5kIEwjMTlFMEM1Qi5wZGYAAAAAAAAAAAAAAAAAAAAAAAAAAAAAAAAAAAAAAAAAAAGeDFvWJJGWAAAAAAAAAAAAAgADAAAJIAAAAAAAAAAAAAAAAAAAAARFZ2VyABAACAAA0j2CmQAAABEACAAA1iSDhgAAAAEAFAGeDIUBngOsABFQZQAQ2UMAENlBAAIAUE1hY2ludG9zaCBIRDpVc2VyczoAbWlyY286AERlc2t0b3A6AFBhcGVyOgBFZ2VyOgBOZXVyYWwgRW5kLXRvLUVuZCBMIzE5RTBDNUIucGRmAA4AfgA+AE4AZQB1AHIAYQBsACAARQBuAGQALQB0AG8ALQBFAG4AZAAgAEwAZQBhAHIAbgBpAG4AZwAgAGYAbwByACAAQwBvAG0AcAB1AHQAYQB0AGkAbwBuAGEAbAAgAEEAcgBnAHUAbQBlAG4AdABhAHQAaQBvAG4ALgBwAGQAZgAPABoADABNAGEAYwBpAG4AdABvAHMAaAAgAEgARAASAF1Vc2Vycy9taXJjby9EZXNrdG9wL1BhcGVyL0VnZXIvTmV1cmFsIEVuZC10by1FbmQgTGVhcm5pbmcgZm9yIENvbXB1dGF0aW9uYWwgQXJndW1lbnRhdGlvbi5wZGYAABMAAS8AABUAAgAM//8AAIAG0hscHR5aJGNsYXNzbmFtZVgkY2xhc3Nlc11OU011dGFibGVEYXRhox0fIFZOU0RhdGFYTlNPYmplY3TSGxwiI1xOU0RpY3Rpb25hcnmiIiBfEA9OU0tleWVkQXJjaGl2ZXLRJidUcm9vdIABAAgAEQAaACMALQAyADcAQABGAE0AVQBgAGcAagBsAG4AcQBzAHUAdwCEAI4A4ADlAO0DJQMnAywDNwNAA04DUgNZA2IDZwN0A3cDiQOMA5EAAAAAAAACAQAAAAAAAAAoAAAAAAAAAAAAAAAAAAADkw==},
	Bdsk-Url-1 = {http://arxiv.org/abs/1704.06104}}

@article{Stab2016Parsing-Argumen,
	Author = {Stab, Christian and Gurevych, Iryna},
	Date-Added = {2017-11-05 08:57:45 +0000},
	Date-Modified = {2017-12-01 08:14:29 +0000},
	Journal = {CoRR},
	Keywords = {Gedruckt},
	Title = {Parsing Argumentation Structures in Persuasive Essays},
	Url = {http://arxiv.org/abs/1604.07370},
	Volume = {abs/1604.07370},
	Year = {2016},
	Bdsk-File-1 = {YnBsaXN0MDDUAQIDBAUGJCVYJHZlcnNpb25YJG9iamVjdHNZJGFyY2hpdmVyVCR0b3ASAAGGoKgHCBMUFRYaIVUkbnVsbNMJCgsMDxJXTlMua2V5c1pOUy5vYmplY3RzViRjbGFzc6INDoACgAOiEBGABIAFgAdccmVsYXRpdmVQYXRoWWFsaWFzRGF0YV8QSi4uLy4uL1BhcGVyL1N0YWIvUGFyc2luZyBBcmd1bWVudGF0aW9uIFN0cnVjdHVyZXMgaW4gUGVyc3Vhc2l2ZSBFc3NheXMucGRm0hcLGBlXTlMuZGF0YU8RAiQAAAAAAiQAAgAADE1hY2ludG9zaCBIRAAAAAAAAAAAAAAAAAAAANI9nrlIKwAAAZ4Iox9QYXJzaW5nIEFyZ3VtZW50YXRpIzE5RTA4NzMucGRmAAAAAAAAAAAAAAAAAAAAAAAAAAAAAAAAAAAAAAAAAAABnghz1iSRFwAAAAAAAAAAAAIAAwAACSAAAAAAAAAAAAAAAAAAAAAEU3RhYgAQAAgAANI9gpkAAAARAAgAANYkgwcAAAABABQBngijAZ4DrAARUGUAENlDABDZQQACAFBNYWNpbnRvc2ggSEQ6VXNlcnM6AG1pcmNvOgBEZXNrdG9wOgBQYXBlcjoAU3RhYjoAUGFyc2luZyBBcmd1bWVudGF0aSMxOUUwODczLnBkZgAOAHQAOQBQAGEAcgBzAGkAbgBnACAAQQByAGcAdQBtAGUAbgB0AGEAdABpAG8AbgAgAFMAdAByAHUAYwB0AHUAcgBlAHMAIABpAG4AIABQAGUAcgBzAHUAYQBzAGkAdgBlACAARQBzAHMAYQB5AHMALgBwAGQAZgAPABoADABNAGEAYwBpAG4AdABvAHMAaAAgAEgARAASAFhVc2Vycy9taXJjby9EZXNrdG9wL1BhcGVyL1N0YWIvUGFyc2luZyBBcmd1bWVudGF0aW9uIFN0cnVjdHVyZXMgaW4gUGVyc3Vhc2l2ZSBFc3NheXMucGRmABMAAS8AABUAAgAM//8AAIAG0hscHR5aJGNsYXNzbmFtZVgkY2xhc3Nlc11OU011dGFibGVEYXRhox0fIFZOU0RhdGFYTlNPYmplY3TSGxwiI1xOU0RpY3Rpb25hcnmiIiBfEA9OU0tleWVkQXJjaGl2ZXLRJidUcm9vdIABAAgAEQAaACMALQAyADcAQABGAE0AVQBgAGcAagBsAG4AcQBzAHUAdwCEAI4A2wDgAOgDEAMSAxcDIgMrAzkDPQNEA00DUgNfA2IDdAN3A3wAAAAAAAACAQAAAAAAAAAoAAAAAAAAAAAAAAAAAAADfg==},
	Bdsk-Url-1 = {http://arxiv.org/abs/1604.07370}}

@article{Daxenberger2017What-is-the-Ess,
	Author = {Daxenberger, Johannes and Eger, Steffen and Habernal, Ivan and Stab, Christian and Gurevych, Iryna},
	Date-Added = {2017-11-05 08:48:06 +0000},
	Date-Modified = {2018-03-04 13:20:51 +0000},
	Journal = {CoRR},
	Keywords = {Features, Logistic Regression, LSTM, CNN},
	Rating = {4},
	Read = {1},
	Title = {What is the Essence of a Claim? Cross-Domain Claim Identification},
	Url = {https://arxiv.org/abs/1704.07203v3},
	Volume = {abs/1704.07203},
	Year = {2017},
	Bdsk-File-1 = {YnBsaXN0MDDUAQIDBAUGJCVYJHZlcnNpb25YJG9iamVjdHNZJGFyY2hpdmVyVCR0b3ASAAGGoKgHCBMUFRYaIVUkbnVsbNMJCgsMDxJXTlMua2V5c1pOUy5vYmplY3RzViRjbGFzc6INDoACgAOiEBGABIAFgAdccmVsYXRpdmVQYXRoWWFsaWFzRGF0YV8QIy4uLy4uLy4uL0Rvd25sb2Fkcy8xNzA0LjA3MjAzdjMucGRm0hcLGBlXTlMuZGF0YU8RATwAAAAAATwAAgAAA09TWAAAAAAAAAAAAAAAAAAAAAAAAAAAAAAAAAAAAABCRAAB/////xAxNzA0LjA3MjAzdjMucGRmAAAAAAAAAAAAAAAAAAAAAAAAAAAAAAAAAAAAAAAAAAAAAAAAAAAAAAAAAAAAAAD/////AAAAAAAAAAAAAAAAAAMAAgAACiBjdQAAAAAAAAAAAAAAAAAJRG93bmxvYWRzAAACACgvOlVzZXJzOm1pcmNvOkRvd25sb2FkczoxNzA0LjA3MjAzdjMucGRmAA4AIgAQADEANwAwADQALgAwADcAMgAwADMAdgAzAC4AcABkAGYADwAIAAMATwBTAFgAEgAmVXNlcnMvbWlyY28vRG93bmxvYWRzLzE3MDQuMDcyMDN2My5wZGYAEwABLwAAFQACAAz//wAAgAbSGxwdHlokY2xhc3NuYW1lWCRjbGFzc2VzXU5TTXV0YWJsZURhdGGjHR8gVk5TRGF0YVhOU09iamVjdNIbHCIjXE5TRGljdGlvbmFyeaIiIF8QD05TS2V5ZWRBcmNoaXZlctEmJ1Ryb290gAEACAARABoAIwAtADIANwBAAEYATQBVAGAAZwBqAGwAbgBxAHMAdQB3AIQAjgC0ALkAwQIBAgMCCAITAhwCKgIuAjUCPgJDAlACUwJlAmgCbQAAAAAAAAIBAAAAAAAAACgAAAAAAAAAAAAAAAAAAAJv},
	Bdsk-Url-1 = {https://arxiv.org/pdf/1704.07203.pdf},
	Bdsk-Url-2 = {https://arxiv.org/abs/1704.07203v3}}

@comment{BibDesk Smart Groups{
<?xml version="1.0" encoding="UTF-8"?>
<!DOCTYPE plist PUBLIC "-//Apple//DTD PLIST 1.0//EN" "http://www.apple.com/DTDs/PropertyList-1.0.dtd">
<plist version="1.0">
<array>
	<dict>
		<key>conditions</key>
		<array>
			<dict>
				<key>comparison</key>
				<integer>3</integer>
				<key>key</key>
				<string>Keywords</string>
				<key>value</key>
				<string>Gedruckt</string>
				<key>version</key>
				<string>1</string>
			</dict>
			<dict>
				<key>comparison</key>
				<integer>4</integer>
				<key>key</key>
				<string>Read</string>
				<key>value</key>
				<string>0</string>
				<key>version</key>
				<string>1</string>
			</dict>
		</array>
		<key>conjunction</key>
		<integer>0</integer>
		<key>group name</key>
		<string>Gedruckt</string>
	</dict>
	<dict>
		<key>conditions</key>
		<array>
			<dict>
				<key>comparison</key>
				<integer>4</integer>
				<key>key</key>
				<string>Read</string>
				<key>value</key>
				<string>1</string>
				<key>version</key>
				<string>1</string>
			</dict>
			<dict>
				<key>comparison</key>
				<integer>5</integer>
				<key>key</key>
				<string>BibTeX Type</string>
				<key>value</key>
				<string>Book</string>
				<key>version</key>
				<string>1</string>
			</dict>
		</array>
		<key>conjunction</key>
		<integer>0</integer>
		<key>group name</key>
		<string>Gelesen</string>
	</dict>
	<dict>
		<key>conditions</key>
		<array>
			<dict>
				<key>comparison</key>
				<integer>0</integer>
				<key>key</key>
				<string>Local File</string>
				<key>value</key>
				<string>0</string>
				<key>version</key>
				<string>1</string>
			</dict>
		</array>
		<key>conjunction</key>
		<integer>0</integer>
		<key>group name</key>
		<string>Keine PDF</string>
	</dict>
	<dict>
		<key>conditions</key>
		<array>
			<dict>
				<key>comparison</key>
				<integer>4</integer>
				<key>key</key>
				<string>Read</string>
				<key>value</key>
				<string>0</string>
				<key>version</key>
				<string>1</string>
			</dict>
		</array>
		<key>conjunction</key>
		<integer>0</integer>
		<key>group name</key>
		<string>Nicht gelesen</string>
	</dict>
</array>
</plist>
}}
